3116 4746
732 294 936 405 gt„-

276 491 323 558 15.
347 509 396 576 sq.
413 488 503 555 addit
524 507 595 554 sese
618 488 818 554 crediturum
840 490 986 555 narranti
1008 487 1114 572 famae
1136 500 1168 555 et
1183 489 1338 574 hortatur,
1354 511 1398 556 ne

274 593 474 657 committere
505 590 594 656 velit.
638 593 777 657 Accedit
805 593 892 679 quod
919 615 1015 681 posse
1043 594 1174 680 quidem
1208 595 1297 660 illam
1321 617 1398 659 con-

273 695 471 778 clusionem,
494 717 594 782 quam
616 695 777 783 particula
798 696 941 779 „igitur“
961 697 1177 782 significatam
1201 697 1248 784 (II
1270 701 1304 778 6,
1328 699 1397 784 37.)

274 797 443 880 habemus,
466 798 616 884 intellegi
632 797 876 868 concedendum
894 808 951 880 est,
971 808 1144 886 postquam
1160 810 1256 864 antea
1271 823 1401 865 summa

273 900 323 965 illi
345 901 475 987 puellae
498 900 586 964 mala
607 901 679 964 fieri
702 900 826 965 dictum
850 909 907 982 est,
932 916 1015 988 quae
1039 904 1174 966 mentita
1195 905 1307 991 inepta
1322 925 1399 967 suas
1456 906 1459 910 ’

274 1025 384 1068 comas
412 1012 533 1086 vertat,
563 1011 673 1067 tamen
703 1003 806 1067 multo
832 1002 946 1067 fortior
968 1013 1016 1068 est
1039 1006 1204 1070 conclusio
1227 1007 1400 1092 magisque

275 1105 384 1170 statim
406 1107 441 1169 in
465 1106 576 1170 oculos
592 1107 740 1188 incurrit,
765 1108 792 1168 si
808 1115 905 1170 antea
920 1105 960 1184 de
976 1107 1120 1173 moribus
1137 1110 1399 1195 corruptissimis

276 1210 333 1296 qui
363 1210 460 1273 etiam
491 1217 599 1272 castae
628 1207 758 1292 puellae
788 1199 1084 1294 summo'peric'ulo
1108 1233 1178 1274 esse
1202 1212 1335 1296 possint,
1359 1209 1400 1274 de

276 1311 450 1376 obscaenis
472 1310 612 1392 tabellis,
637 1309 677 1373 de
699 1310 881 1374 Pudicitiae
903 1311 978 1375 fano
1003 1311 1130 1379 deserto
1154 1322 1262 1379 aetum
1285 1323 1341 1379 est.

339 1447 404 1512 Sed
428 1448 525 1512 etiarn
542 1447 802 1529 fundamentum,
828 1469 892 1534 quo
908 1449 1023 1512 nititur
1037 1449 1248 1514 Ftirstenavii
1270 1452 1399 1538 conjec-

276 1560 359 1631 tura,
389 1573 522 1636 prorsus
551 1551 682 1614 corruit.
727 1549 810 1612 Nam
834 1551 944 1614 omnia
965 1552 1000 1613 in
1025 1554 1168 1617 carmine
1191 1553 1250 1634 Ill,
1279 1556 1294 1619 1
1321 1601 1329 1616 .
1352 1564 1403 1617 sat

278 1653 362 1745 bene
395 1654 480 1716 inter
514 1675 585 1716 sese
618 1654 664 1716 ita
695 1661 731 1717 ut
763 1655 798 1715 in
832 1652 999 1717 codicibus
1034 1655 1187 1740 leguntur
1217 1654 1402 1720 cohaerent.

276 1757 422 1820 Primum
453 1756 540 1819 enim
569 1754 673 1820 tribus
703 1754 849 1818 distichis
877 1754 1066 1840 Propertius
1095 1759 1295 1843 vituperat
1317 1757 1402 1844 Cyn-

277 1859 389 1940 thiam,
419 1857 507 1945 quod
537 1867 671 1922 externo
700 1859 804 1922 nitore
827 1866 926 1941 caput
946 1859 1049 1922 tincta
1071 1859 1205 1924 demens
1227 1861 1403 1925 Britannos

277 1961 441 2044 imitetur,
483 1960 601 2024 deinde
635 1959 763 2024 duobus
797 1957 945 2024 distichis
980 1959 1160 2026 affirmat
1193 1985 1263 2027 eam
1297 1964 1403 2047 ipsam

279 2085 407 2149 semper
437 2049 499 2127 sib'i
529 2063 703 2127 formosam
732 2062 876 2125 futuram
906 2085 976 2127 esse
1010 2064 1094 2150 (scil.
1130 2074 1263 2130 externo
1297 2067 1403 2129 nitore

278 2165 426 2252 remoto),
455 2175 618 2253 postremo
642 2165 772 2252 (iterum
801 2165 905 2230 tribus
930 2165 1091 2253 distichis)
1115 2167 1296 2233 hortatur
1319 2169 1404 2254 (lyn-

279 2271 381 2334 thiam
403 2271 449 2334 ita
470 2279 506 2333 ut
529 2264 615 2332 dicat
637 2268 722 2332 velle
745 2267 877 2353 quidem
901 2290 972 2332 sese
996 2271 1025 2333 ei
1047 2270 1177 2335 fratrem
1202 2292 1271 2335 esse
1295 2281 1404 2335 tamen

279 2381 401 2454 caveat,
423 2395 465 2437 ne
481 2370 628 2435 moribus
646 2372 714 2435 suis
730 2371 855 2434 scilicet
868 2372 971 2435 nimio
988 2371 1133 2436 adhibito
1149 2373 1253 2438 nitore
1269 2386 1404 2439 externo

281 2476 401 2540 efficiat
423 2485 459 2540 ut
479 2467 591 2538 credat
611 2474 725 2538 famae.
770 2472 927 2538 Similiter
943 2473 1107 2559 judicavit
1122 2476 1348 2550 Drenckhahn
1369 2479 1405 2541 in

281 2579 360 2642 actis
384 2600 495 2663 gymn.
517 2576 625 2641 Berol.
642 2579 734 2644 1868.
758 2598 831 2661 pag.
853 2579 925 2644 265.
949 2582 996 2663 sq.

343 2716 511 2780 Lacunam
538 2723 647 2779 autem
671 2713 761 2778 illam
768 2762 777 2794 ,
810 2735 895 2798 quae
918 2722 992 2778 ante
1015 2714 1057 2794 II,
1081 2718 1110 2781 6.
1132 2716 1184 2780 41.
1209 2715 1300 2795 latet,
1331 2736 1406 2778 oon-

280 2820 405 2906 jectura
427 2818 529 2883 multo
552 2816 676 2881 leniore
697 2817 743 2879 ita
764 2815 920 2900 expedire
942 2838 1132 2903 possumus,
1163 2826 1199 2880 ut
1222 2838 1333 2880 versus
1354 2819 1408 2882 23.

246 2981 249 2988 .
281 2925 349 3004 24,
383 2920 464 3008 quo's
482 2922 551 3006 jam
575 2941 674 3005 supra
700 2918 740 2982 dc
763 2917 834 2982 loco
857 2919 975 2983 tradito
997 2919 1212 2983 removendos
1235 2942 1304 2984 esse
1327 2919 1409 2983 vidi-

281 3048 363 3107 mus,
381 3034 456 3088 ante
471 3045 602 3088 versum
617 3024 668 3088 41.
685 3043 854 3107 ponamus.
893 3022 977 3085 Tum
995 3021 1137 3107 Cynthia
1152 3044 1226 3085 cum
1242 3020 1409 3085 Alcestide

282 3138 314 3193 et
327 3126 492 3213 Penelope
516 3132 703 3211 comparata
725 3132 756 3186 et
777 3144 849 3186 cum
868 3125 1018 3189 omnibus
1034 3125 1175 3206 feminis,
1199 3147 1283 3210 quae
1299 3117 1411 3187 ament

281 3233 406 3311 virum,
438 3229 479 3293 de
508 3251 542 3293 se
570 3236 644 3314 apte
674 3235 770 3310 poeta
800 3225 891 3290 addit
920 3248 1047 3312 semper
1079 3227 1141 3291 sibi
1171 3226 1347 3312 Cynthiam
1377 3237 1410 3290 et

284 3335 422 3398 amicam
446 3341 479 3396 et
501 3353 636 3397 uxorem
661 3351 732 3393 csse
755 3330 906 3393 futuram.

262 3503 263 3506 ¹
347 3470 439 3550 Quae
463 3491 536 3533 cum
559 3469 606 3532 ita
621 3467 694 3547 sint,
717 3475 844 3530 tantum
868 3464 968 3547 abest,
991 3475 1028 3529 ut
1049 3466 1135 3531 hanc
1156 3465 1294 3552 elegiam
1310 3465 1353 3547 II,
1377 3469 1406 3534 6.

285 3596 328 3638 ex
357 3573 547 3658 fragmentis
574 3570 797 3656 compluribus
820 3591 952 3654 prorsus
974 3591 1040 3632 non
1064 3570 1313 3634 cohaerentibus
1336 3591 1410 3633 con-

285 3687 370 3740 stare
404 3675 550 3740 dicamus
584 3672 637 3738 vel
661 3672 807 3737 Oaruttio
836 3672 955 3758 (novae
984 3671 1136 3737 editionis
1165 3695 1240 3758 pag.
1264 3676 1316 3739 96.
1339 3674 1406 3759 97.)

285 3776 502 3844 concedamus
525 3779 559 3842 in
583 3777 664 3840 duas
685 3798 756 3839 eam
773 3775 894 3858 elegias
912 3795 983 3836 esse
999 3777 1243 3856 secernendam,
1269 3798 1408 3863 quarum

285 3892 422 3969 utraque
446 3904 486 3947 ex
509 3881 699 3967 fragmentis
722 3900 788 3942 non
812 3876 1062 3940 cohaerentibus
1085 3886 1219 3958 constet,
1241 3887 1278 3941 ut
1300 3879 1410 3942 omnia
1441 3922 1445 3933 ·

212 4001 215 4006 '
287 3985 415 4050 duobus
437 3993 563 4049 tanturn
588 3982 737 4046 distichis
758 3980 964 4064 transpositis
988 3988 1020 4042 et
1043 4001 1109 4043 una
1132 3981 1293 4066 scriptura
1316 3981 1410 4045 lenis—

288 4088 369 4154 sime
392 4097 516 4153 mutata
538 4087 659 4171 optime
681 4086 727 4149 ita
748 4069 942 4172 procedant:
