3116 4746
817 292 859 355 20

412 563 468 629 IV.
517 563 579 628 DE}
602 561 722 626 LIBRI
745 561 897 627 TERTII
918 525 1283 627 LAOHMANNIANI'

670 663 840 730 ELEGIA
862 665 1010 730 PRIMA.

342 802 479 887 Elegiae
495 801 551 880 IV,
568 805 598 869 8.
622 823 734 865 versus
754 803 901 868 4a-6s
927 802 993 885 (‚,te
1010 801 1092 865 duce
1115 841 1155 862 .-
1179 803 1274 886 signa
1288 802 1412 887 rotis“)

277 927 351 968 eum
377 903 483 990 elegia
506 905 566 982 111,
584 907 612 968 1.
636 903 883 990 conjungendos
899 925 969 967 esse
985 903 1153 969 contendit
1166 904 1356 968 Heimreieh
1372 928 1410 991 q.

278 1005 375 1092 Prop.
387 1029 461 1090 pag.
471 1009 618 1075 22.-30.
628 1004 861 1094 plaudentibus
869 1005 1078 1092 Lutjohanne
1094 1029 1208 1071 comm.
1225 1029 1299 1094 pag.
1309 1011 1359 1074 78.
1373 1015 1412 1070 et

280 1107 426 1172 Caruttio
449 1111 484 1172 in
508 1111 649 1174 editione
665 1131 739 1194 pag.
758 1110 828 1173 104.
866 1109 962 1172 Hanc
979 1112 1196 1196 conjecturam
1213 1111 1410 1197 priusquam

279 1214 520 1292 examinemus,
559 1211 797 1296 praemittenda
834 1212 993 1296 quaedam
1030 1212 1185 1276 videntur
1222 1213 1262 1277 de
1298 1213 1411 1296 elegia

279 1315 384 1395 111‚1.
437 1315 513 1382 Jam
540 1316 575 1377 in
602 1315 705 1395 „sed“
731 1313 908 1400 particula,
941 1337 1025 1399 quae
1053 1316 1146 1378 initio
1169 1317 1267 1400 primi
1290 1337 1409 1380 versus

280 1416 400 1500 legitur
425 1419 489 1481 viri
507 1417 597 1482 ‘docti
620 1417 806 1481 haeserunt.
854 1414 920 1495 Qui
942 1437 1017 1478 cum
1039 1418 1084 1480 ita
1106 1438 1236 1480 carmen
1259 1420 1409 1503 incipere

280 1540 374 1604 posse
401 1530 575 1604 negarent,
607 1530 776 1584 mutarunt
797 1519 881 1585 illud
904 1519 994 1602 „sed‘
1028 1527 1084 1582 aut
1106 1519 1140 1582 in
1162 1521 1271 1606 2>jam“
1293 1531 1349 1585 aut
1370 1523 1408 1584 in

280 1621 379 1702 „sit“;
407 1620 640 1686 Lachmannus
668 1632 776 1687 autem
806 1638 921 1688 versus
945 1611 1104 1708 quosdam
1127 1632 1222 1685 antea
1245 1623 1410 1688 excidisse

282 1724 394 1788 statuit
430 1723 583 1810 idemque
620 1735 733 1810 postea
769 1725 917 1790 fecerunt
946 1724 1111 1811 judicium
1145 1725 1280 1812 Gruppe
1313 1727 1409 1790 Rom.

281 1826 375 1910 Eleg.
392 1849 467 1912 pag.
484 1829 567 1908 275.
591 1828 767 1892 Paldamus
788 1829 888 1914 praef.
910 1827 990 1893 edts.
1005 1849 1079 1910 pag.
1096 1829 1157 1906 38„
1181 1828 1409 1892 Drenckhahn

283 1927 403 2013 stroph.
442 1929 593 2014 Compos.
630 1939 689 1996 etc.
729 1933 763 1994 in
798 1930 925 1994 diurnis
959 1929 1066 1994 Berol.
1099 1931 1195 2010 1868,
1229 1955 1303 2016 pag.
1335 1935 1408 2000 184.

284 2031 406 2095 Contra
434 2032 551 2095 horum
575 2035 768 2098 sententiam
793 2033 1001 2117 disputarunt
1023 2030 1138 2096 Nobbe
1161 2031 1287 2098 observ.
1310 2034 1410 2120 Prop.

286 2155 372 2219 spec.
397 2155 471 2218 pag.
488 2136 539 2200 42.
564 2145 595 2198 ct
611 2135 793 2221 Hertzberg
815 2158 929 2199 comm.
954 2135 996 2198 ad
1011 2135 1043 2198 h.
1067 2134 1088 2197 l.
1106 2144 1138 2198 et
1153 2146 1275 2221 quaest.
1310 2136 1409 2222 Prop.

285 2258 360 2322 pag.
386 2238 457 2302 130.
503 2237 567 2301 Hic
599 2238 733 2324 quidem
756 2238 935 2302 rectissime
960 2237 1071 2301 docuit
1093 2237 1323 2322 Propertianae
1347 2240 1411 2304 elo-

285 2339 424 2401 cutionis
454 2340 590 2426 impetui
625 2363 694 2403 esse
730 2339 1100 2413 accommodatissimum
1135 2362 1209 2403 cum
1238 2343 1409 2428 particula,

284 2441 377 2527 cujus
400 2443 532 2528 propria
554 2443 588 2505 in
613 2445 768 2506 continua
791 2445 936 2506 oratione
959 2444 1000 2506 sit
1023 2442 1116 2505 sedes
1139 2441 1180 2506 ab
1203 2446 1295 2508 initio
1313 2445 1409 2509 collo-

284 2552 376 2606 cetur
405 2544 450 2607 ita
473 2554 508 2608 ut
530 2568 613 2631 quae
642 2557 739 2611 antea
768 2547 865 2609 tacite
886 2544 999 2610 animo
1022 2544 1162 2608 volverit
1183 2557 1280 2630 poeta
1302 2547 1409 2611 subito

285 2646 521 2730 interrumpere
544 2657 575 2710 et
597 2651 631 2712 in
654 2649 779 2713 medias
797 2647 1036 2734 quodammodo
1053 2670 1103 2711 res
1120 2647 1272 2713 lectorem
1290 2649 1410 2714 ducere

284 2747 442 2814 videatur.
499 2750 625 2815 Tamen
659 2775 710 2816 me
739 2752 852 2838 judice
882 2750 964 2814 haec
991 2750 1107 2835 regula
1136 2773 1202 2814 non
1231 2753 1265 2815 in
1297 2775 1409 2817 omnes
1451 2737 1455 2745 ¹

283 2852 462 2936 particulas
492 2854 605 2918 eod'em
634 2855 729 2920 modo
760 2855 859 2933 cadit,
892 2853 948 2916 sed
980 2853 1130 2942 singulae
1161 2864 1238 2916 sunt
1259 2865 1409 2918 accurate

285 2952 529 3022 discernendae.
574 2957 730 3042 Legimus
761 2965 868 3021 autem
896 2957 989 3020 initio
1012 2956 1193 3020 carminum
1217 2957 1408 3041 particulas:

321 3092 434 3160 ‚,igitur“
471 3095 547 3162 Prop.
568 3095 588 3147 Ι.
607 3094 631 3147 8.
653 3097 730 3159 „tune
748 3096 833 3163 igitur
850 3093 989 3167 demens‘s

322 3183 415 3246 ‚,ergo“
473 3179 552 3248 Prop.
572 3179 622 3243 ΙΙΙ,
643 3179 665 3233 7,
686 3195 748 3248 ergo
768 3179 896 3232 sollicitae
914 3181 946 3231 tu
965 3194 1059 3233 caussa
1077 3181 1126 3233 etc.

392 3327 396 3348 Ι
471 3266 549 3334 Prop.
568 3266 614 3330 IV,
633 3264 673 3318 23.
694 3281 757 3334 ergo
775 3269 831 3318 tam
849 3265 940 3318 doctae
960 3268 1008 3318 eto.

474 3351 549 3405 Ovid.
569 3368 620 3404 am.
639 3353 663 3416 2,
682 3352 705 3404 7.
725 3369 787 3420 ergo
806 3350 938 3405 sufficiam
955 3367 1016 3404 rcus
1033 3352 1061 3404 in
1080 3368 1148 3406 nova
1160 3354 1269 3406 crimme
1288 3356 1410 3421 sempor?

320 3439 378 3500 ‚,et“
403 3447 406 3454 '
470 3438 548 3506 Prop.
569 3439 590 3502 I,
609 3438 641 3490 17
661 3441 689 3491 et
706 3439 808 3500 merito,
829 3437 952 3504 quoniam
971 3440 1019 3490 etc.

472 3525 550 3592 Prop.
569 3524 618 3588 111,
637 3523 670 3576 27
690 3527 717 3576 et
734 3539 778 3576 vos
797 3523 927 3576 incertam
946 3525 994 3576 etc.

350 3658 446 3740 Quod
480 3670 588 3724 autem
619 3659 728 3724 attulit
755 3657 943 3745 exemplum
972 3658 1075 3743 ipsius
1102 3657 1203 3738 „sed“
1231 3661 1412 3745 particulae

286 3761 519 3847 Hertzbergius
549 3763 623 3826 Ter.
646 3762 777 3826 Phorm.
806 3764 841 3842 5,
865 3763 901 3841 5,
923 3763 969 3840 5.‚
1000 3781 1064 3823 non
1094 3762 1128 3822 in
1162 3761 1254 3825 initio
1289 3761 1411 3846 dialogi

286 3862 370 3928 illud
402 3866 503 3947 „sed“
533 3864 674 3928 exhibet.
719 3863 857 3928 Accedit
883 3862 971 3949 quod
993 3862 1027 3924 in
1050 3855 1151 3949 hujus
1171 3863 1296 3948 elegiae
1319 3861 1411 3927 initio

272 3963 370 4030 illud
398 3966 501 4049 „sed“
530 3968 627 4030 nimis
656 3967 799 4031 solutum
828 3965 961 4029 dicendi
990 3987 1093 4049 genus
1123 3965 1256 4031 redolet.
1308 3964 1411 4032 Multo

286 4090 364 4136 vcro
387 4069 504 4135 melius
527 4076 604 4153 „at“
626 4070 786 4155 particula
809 4091 941 4134 carmen
963 4069 1130 4155 inciperet,
1154 4067 1211 4132 cfr.
