3116 4746
793 299 834 362 28

713 387 914 400 ψ..-

252 487 381 552 Deinde
401 487 626 575 Liitjohannes
649 493 741 550 extra
765 486 976 551 dubitationis
998 485 1103 549 aleam
1124 485 1273 570 posuisse
1288 484 1382 546 vide-

179 584 183 588 *
252 598 306 654 tur
328 612 443 656 comm.
467 613 541 677 pag.
566 593 616 658 79.
640 611 688 674 sq.
712 588 989 673 progrediendum
1013 609 1083 652 esse
1106 609 1211 673 usque
1235 585 1277 649 ad
1299 586 1382 648 anni

253 696 326 760 732.
355 693 463 757 linem.
507 691 583 756 Jam
612 690 704 754 vides
735 700 863 776 poetam
894 714 969 764 cum
999 711 1130 755 carmen
1160 689 1382 776 composuerit

253 817 357 859 annos
387 798 427 862 21
451 793 658 881 ve120(vel
681 796 724 861 20
745 794 849 881 Keil.)
872 804 984 858 natum
1007 794 1107 858 fuisse
1129 814 1237 878 neque
1260 790 1381 855 talibus

252 896 363 962 verbis
387 896 434 960 uti
456 897 602 983 potuisse
625 895 754 981 quibus·
768 897 969 982 significaret
991 906 1137 960 extrema
1159 903 1279 974 astte,
1304 914 1379 956 cum

249 1003 321 1087 jam
343 1008 473 1086 tempus
497 999 548 1079 sit,
571 998 730 1062 tumultus
753 1021 787 1062 sc
810 1021 880 1065 esse
903 1008 1085 1063 canturam.
1126 1061 1132 1066 .

318 1119 446 1205 Hisque
475 1119 611 1182 sortasse
641 1116 805 1181 addiderit
834 1118 997 1203 quispiam
1019 1117 1226 1204 Propertium
1257 1117 1285 1180 si
1309 1117 1380 1202 jam

253 1220 373 1287 multos
405 1242 509 1284 annos
539 1242 574 1283 sc
595 1228 708 1283 natum
732 1241 802 1284 esse
824 1241 905 1285 voce
926 1220 985 1285 illa
1005 1219 1235 1306 „extrcma“*)
1259 1217 1383 1302 signifi-

256 1345 330 1387 care
345 1322 496 1402 voluerit,
520 1344 586 1386 non
608 1320 648 1384 de
670 1322 776 1408 prima
799 1332 904 1386 aetate
928 1325 1021 1410 quasi
1044 1345 1133 1387 nunc
1153 1324 1216 1388 sibi
1232 1331 1383 1386 exstante-

256 1425 368 1489 dicere
390 1425 537 1509 potuisse
561 1423 619 1486 sed
641 1424 706 1487 tale
730 1423 809 1510 quid
825 1424 978 1490 debuisse
993 1425 1150 1490 scribere:
1175 1426 1280 1510 prima
1295 1434 1384 1486 aetas

255 1528 380 1591 cecinit
401 1527 556 1606 Veneres,
580 1535 726 1590 extrema
748 1537 844 1591 canat
865 1528 1035 1592 tumultus.

318 1629 411 1693 Haec
446 1629 556 1692 omnia
589 1649 788 1716 quamquam
818 1641 905 1694 recte
934 1639 1041 1717 potest
1068 1629 1286 1716 quispiam**)
1318 1649 1385 1692 mo·

256 1753 335 1797 nere
357 1741 467 1796 tamen
491 1731 532 1795 ad
555 1753 668 1795 versus
693 1737 721 1799 t.
738 1738 768 1800 8.
792 1733 994 1817 aPropertio
1018 1733 1253 1819 abjudicandos
1268 1731 1315 1794 nil
1331 1753 1386 1793 va-

256 1836 334 1902 lent.
379 1833 463 1898 Nam
496 1833 580 1897 nihil
614 1855 674 1897 nos
704 1835 851 1921 impedit,
886 1835 1062 1920 quominus
1092 1857 1191 1898 versu
1214 1838 1243 1901 7.
1266 1834 1385 1918 legem,

257 1958 342 2024 quae
374 1936 416 2000 ad
446 1957 559 2000 omnes
590 1945 703 2021 poetas
732 1946 866 2021 spectet,
898 1936 1084 2021 generalem
1108 1937 1249 2002 describi
1272 1947 1387 2000 contra

257 2063 354 2105 versu
385 2045 415 2108 8.
445 2060 484 2102 ea
506 2039 582 2103 addi
606 2047 798 2120 statuamus,
822 2061 916 2126 quae,
940 2048 976 2104 ut
998 2063 1090 2104 suam
1112 2041 1217 2127 ipsius
1241 2041 1387 2104 carmina

258 2142 426 2229 pangendi
453 2144 613 2207 rationem
637 2142 850 2222 commendet,
881 2164 921 2206 ex
945 2141 1018 2226 lege
1041 2140 1098 2205 illa
1120 2142 1310 2227 Propertius
1333 2141 1388 2204 de·

259 2245 358 2310 ducat
380 2245 480 2331 idque
503 2245 549 2308 ita
572 2255 608 2308 ut
629 2246 719 2309 vocis
741 2250 931 2326 „extrema“
953 2245 1118 2308 notionem
1137 2247 1207 2331 jam
1229 2267 1296 2308 non
1316 2267 1388 2331 pre-

260 2356 338 2411 mat.
383 2348 471 2428 Quin
495 2349 592 2411 etiam
616 2347 702 2410 hanc
724 2347 1023 2432 interpretationem
1044 2348 1171 2411 unicam
1189 2370 1260 2412 csse
1276 2369 1388 2412 veram

260 2451 382 2531 exeis,
407 2473 492 2536 quae
515 2451 737 2535 exposuimus,
761 2458 906 2533 apparet.
941 2449 1057 2534 ltaque
1081 2472 1155 2514 cum
1177 2473 1292 2514 versus
1314 2456 1342 2518 7.
1358 2456 1389 2518 8.

260 2554 331 2616 sine
354 2554 445 2639 justa
469 2573 585 2616 caussa
607 2551 647 2614 ab
670 2549 893 2616 Heimreicbio
917 2545 1036 2637 ejectos
1060 2573 1130 2614 esse
1152 2551 1290 2639 liqueat,
1322 2576 1389 2618 non

260 2655 363 2720 solum
387 2655 488 2719 finem
511 2655 637 2738 elegiae
660 2654 701 2719 ab
724 2654 780 2719 illo
805 2655 849 2718 de
873 2657 1060 2742 conjectura
1087 2653 1198 2719 datum
1222 2678 1289 2720 non
1313 2657 1390 2720 satis

348 2860 376 2928 Ι’)
396 2859 462 2926 quid
487 2859 634 2929 cGruppii
666 2859 816 2928 conjectura
837 2877 945 2930 prorsus
963 2877 1156 2930 supervacanea
1173 2877 1219 2930 pro
1243 2865 1390 2926 ,‚cxtrema“

261 2943 340 2998 scribi
361 2943 487 3012 jubentis
504 2948 671 3013 ‚,postrcma“
689 2945 720 2998 R.
739 2943 780 2998 El.
798 2945 813 2998 1
831 2945 879 2998 181
899 2961 937 3014 sq.
957 2946 990 3000 ad
1008 2946 1082 3000 bunc
1099 2947 1187 3002 locum
1207 2947 1392 3014 explicandum

262 3029 400 3082 eliciamus
418 3030 492 3095 lucis,
512 3047 561 3100 ego
579 3047 632 3083 non
649 3029 733 3084 video.

331 3148 374 3218 **)
398 3148 474 3202 Talia
501 3148 621 3202 Caruttio
648 3149 678 3204 in
708 3151 798 3202 mente
829 3147 974 3203 haerebant
1004 3150 1069 3205 haec
1093 3151 1192 3206 dicenti
1216 3152 1248 3206 de
1272 3152 1392 3206 versibus

263 3233 286 3286 7.
306 3233 331 3288 8.
352 3235 471 3300 ,insulsa
492 3234 571 3288 verba
589 3237 618 3286 ct
639 3234 814 3302 interpolata3
839 3233 867 3286 id
886 3235 957 3287 enim
977 3235 1148 3304 significant:
1163 3237 1269 3306 juvenis
1288 3237 1394 3290 cantavi

262 3321 389 3388 puellam,
408 3339 483 3375 senes
502 3335 593 3374 canam
612 3320 690 3374 bella
708 3323 736 3372 et
753 3320 895 3373 tumultus.
921 3321 958 3374 At
976 3337 1067 3376 senem
1081 3326 1194 3377 sevocat
1206 3323 1394 3392 interpolator;

263 3407 418 3475 Propertius
442 3410 534 3461 contra
559 3409 667 3474 „coepta
687 3406 848 3475 juventute
872 3406 983 3461 florebat
1006 3423 1083 3462 versu
1107 3409 1148 3462 25.
1184 3409 1296 3462 Versum
1320 3411 1391 3463 enim

265 3508 346 3559 quem
364 3493 391 3545 in
411 3492 547 3546 codicibus
564 3493 681 3562 legimus
699 3493 728 3545 in
748 3493 862 3547 carmine
881 3492 925 3546 IV.
944 3495 1012 3562 811.
1032 3495 1065 3548 57
1084 3495 1154 3562 apud
1166 3495 1319 3563 Mullorum)
1338 3511 1393 3548 car·

266 3578 349 3630 minis
371 3578 513 3647 cujusdam
536 3577 607 3646 qnod
630 3578 688 3646 ipsc
713 3578 766 3631 sibi
790 3578 867 3631 finxit
890 3580 1234 3634 11111111111111111112ὃ.
1270 3580 1393 3650 Elegiam

263 3651 337 3716 enim
361 3663 430 3718 hanc
457 3663 490 3716 ad
514 3663 666 3732 Augustum
686 3663 811 3732 scriptam
829 3663 914 3717 voluit
931 3666 1063 3719 contineri
1080 3666 1200 3720 versibus
1218 3669 1246 3719 in
1264 3665 1337 3720 bunc
1354 3683 1394 3719 or-

265 3748 354 3801 dinem
380 3748 509 3802 redactis:
532 3748 575 3802 III
599 3749 722 3814 1‚.1-4,
747 3749 857 3827 21-26,
881 3749 974 3813 9-12,
993 3751 1017 3814 5,
1037 3750 1060 3815 6,
1081 3751 1189 3816 13-20,
1208 3752 1246 3806 IV
1262 3752 1287 3816 8,
1305 3752 1337 3805 57
1357 3754 1395 3821 (ct

267 3833 388 3900 „mollis“
403 3835 534 3902 scriptura
546 3835 603 3887 sine
617 3834 672 3888 ulla
685 3851 777 3888 caussa
790 3839 890 3889 temere
904 3837 932 3888 in
946 3836 1068 3900 „mollia“
1082 3839 1205 3905 mutata),
1224 3838 1265 3901 58,
1283 3838 1394 3894 53-56.

263 3919 375 3972 47-112.
409 3919 453 3972 Ita
470 3919 644 3973 Heimreichii
663 3921 773 3975 audacia
790 3922 876 3974 multo
899 3924 1024 3989 superata
1041 3924 1129 3975 virum
1142 3923 1249 3976 doctum
1263 3923 1396 3990 ejusmodi

265 4005 444 4073 conjecturam
468 4003 733 4074 proponere·audere
752 4006 818 4060 satis
837 4010 880 4060 est
905 4007 975 4073 quod
998 4008 1109 4061 mireris.
1151 4010 1224 4062 Haec
1248 4025 1309 4062 sane
1336 4009 1394 4074 „in-

271 4091 357 4144 sulsa“
377 4094 448 4157 sunt,
467 4108 519 4145 non
539 4107 630 4145 versus
648 4092 780 4160 Propertii
798 4096 829 4146 ut
846 4091 950 4148 Carutti
968 4091 1034 4146 dicit
1052 4093 1094 4146 III
1113 4096 1136 4160 1,
1155 4094 1178 4147 ’1,
1197 4095 1220 4148 8.
