3116 4746
819 335 859 400 12

409 520 442 572 23
460 519 534 573 Felix
552 519 659 574 Admeti
676 521 787 576 coniunx
805 525 833 576 et
850 523 935 578 lectus
954 523 1047 589 Vlixis,

409 606 444 658 24
495 606 531 658 Et
549 621 726 675 quaecumque
744 608 794 662 viri
812 607 911 662 femina
928 609 1009 663 limen
1026 613 1105 664 amat.

409 693 443 744 41
462 692 517 746 Nos
535 695 598 746 uuor
615 707 767 760 numquam,
786 709 929 761 numquam
948 695 1055 749 diducet
1072 698 1168 752 amica:

411 777 452 832 42.
505 779 614 847 Semper
631 779 714 832 amica
731 777 805 842 mihi,
824 796 927 848 semper
945 785 973 835 et
990 798 1053 836 uxor
1071 784 1129 836 eris.

735 957 939 966 ——-—-—.—.-

514 1139 557 1203 11.
602 1138 663 1202 nn
686 1138 865 1206 anneus
888 1141 930 1222 11,
955 1144 983 1208 1.
1007 1150 1039 1206 a
1060 1141 1103 1224 11,
1125 1144 1156 1210 4.

338 1257 462 1342 Versus
490 1275 539 1356 fl,
575 1279 608 1356 1,
644 1278 798 1345 17.-38.
830 1300 896 1343 non
929 1280 1090 1364 genuinos
1130 1301 1201 1344 esse
1231 1283 1399 1348 contendit

275 1380 516 1451 Heimreichius
539 1387 663 1464 quaest.
707 1379 802 1465 Prop.
820 1403 894 1466 pag.
911 1384 962 1451 36.
978 1405 1026 1467 sq.
1049 1381 1200 1447 laudatus
1216 1407 1236 1448 a
1251 1383 1398 1451 Oaruttio

275 1487 309 1549 in
340 1485 481 1550 editione
510 1502 584 1566 pag.
608 1484 660 1548 59.
682 1482 729 1546 ita
750 1492 790 1574 ut
809 1484 939 1548 initium
962 1485 1116 1548 carminis
1139 1484 1180 1549 ad
1203 1486 1340 1552 lectores
1363 1491 1397 1554 in

275 1590 465 1653 universum
488 1607 585 1650 versu
605 1585 711 1671 primo
727 1584 927 1669 significatos
943 1587 1100 1674 scriptum
1115 1587 1216 1653 fuisse
1230 1590 1397 1675 videatur3

276 1713 390 1755 versus
420 1698 526 1753 autern
556 1691 724 1768 tra-78„
757 1709 838 1774 quos
866 1681 962 1772 poeta
984 1689 1081 1774 plane
1104 1688 1286 1757 Maecenati
1308 1693 1399 1758 dedi·

276 1796 414 1875 caverit,
443 1791 659 1858 secernendos
683 1813 753 1854 esse
783 1789 862 1855 dicit
883 1789 1125 1856 Heimrcichius
1155 1793 1196 1857 ab
1220 1796 1283 1879 eis,
1314 1819 1398 1883 quae
1474 1795 1477 1804 ’

276 1896 479 1977 antecedant,
494 1916 614 1958 novum
641 1902 672 1957 et
694 1891 869 1957 rotundum
893 1915 1024 1958 carmen
1048 1894 1236 1978 efficientes,
1258 1899 1397 1984 primam

277 2011 383 2066 autem
415 1998 491 2062 libri
521 1995 658 2062 secundi
688 1995 826 2080 elegiam
857 1995 944 2060 finiri
973 2020 1071 2062 versu
1093 2001 1144 2065 56.
1190 1999 1287 2080 Quod
1311 2002 1398 2088 judi·

277 2106 361 2169 cium
386 2098 597 2166 Heimreichii
627 2110 664 2163 ut
691 2107 765 2183 apte
793 2099 1014 2180 examinetur,
1048 2100 1218 2166 videamus
1247 2105 1336 2190 quod
1358 2105 1400 2170 sit

276 2208 376 2272 totius
425 2203 579 2268 carminis
630 2212 877 2287 argumentum:
924 2200 1039 2288 Neque
1080 2204 1248 2291 Calliopen
1291 2229 1398 2294 neque

276 2309 463 2395 Apollinem
487 2307 632 2371 carmina
656 2305 718 2370 sibi
739 2305 862 2370 dictare
878 2305 1065 2391 Propertius
1089 2305 1191 2370 libere
1213 2309 1397 2394 profitetur,

278 2412 336 2476 sed
358 2411 527 2497 ingenium
550 2407 652 2472 solam
676 2431 746 2472 esse
763 2407 938 2492 Cynthiam
964 2417 1004 2489 ct,
1028 2409 1056 2471 si
1079 2409 1210 2495 quidem
1234 2411 1341 2476 mollis
1363 2414 1398 2477 in

278 2535 335 2580 ora
350 2515 461 2579 veniat
481 2511 565 2576 liber
585 2510 774 2595 elegiarum,
797 2531 945 2574 caussam
970 2531 1040 2573 esse
1062 2510 1151 2575 illius
1165 2512 1398 2587 formositatem

277 2640 385 2704 neque
414 2639 449 2680 sc
477 2614 518 2677 ad
548 2611 687 2699 grandia
713 2613 858 2676 carmina
891 2612 1117 2698 componenda
1148 2614 1206 2680 sed
1240 2615 1280 2679 ad
1314 2618 1399 2684 solas

278 2721 399 2806 elegias
429 2716 555 2800 fidibus·
580 2715 743 2780 canendas
774 2724 885 2802 aptum
913 2737 982 2779 esse
1004 2715 1151 2801 duroque
1173 2720 1284 2782 versui
1307 2723 1399 2807 epico

278 2846 344 2887 non
362 2805 553 2886 ¹convenire
586 2817 778 2904 praecordia
807 2817 1001 2883 Callimachi
1031 2819 1181 2884 Romani.
1234 2820 1317 2888 Oum
1348 2824 1399 2888 his

278 2925 429 2990 omnibus
451 2924 496 2986 ita
511 2930 637 3008 apoeta
652 2919 795 3007 prolatis,
813 2930 849 2982 ut
864 2941 938 2984 cum
954 2920 1074 3004 gaudio
1091 2932 1122 2986 ct
1136 2922 1240 2986 nobili
1257 2926 1398 3011 quadam

279 3027 433 3114 superbia
456 3025 616 3110 loquatur,
640 3046 694 3104 ea,
725 3045 809 3109 quae
831 3043 927 3086 versu
955 3026 1007 3090 57.
1037 3023 1210 3110 incipiunt,
1233 3029 1401 3094 contendit

278 3128 519 3196 Heimreiclrius
552 3129 598 3190 ita
625 3148 690 3190 non
720 3147 901 3210 congruere
932 3135 967 3189 ut
994 3147 1060 3189 non
1090 3126 1233 3212 ejusdem
1258 3129 1399 3196 hominis

278 3233 448 3321 gloriantis
477 3229 772 3301 sedlamentantis
802 3238 834 3292 et
860 3249 965 3314 paene
988 3227 1187 3293 lacrimantis
1210 3252 1281 3294 esse
1295 3243 1337 3297 et
1358 3234 1399 3298 ab

279 3339 340 3418 eis,
375 3357 459 3424 quae
492 3332 707 3418 praecedunt,
740 3330 942 3396 secernenda
967 3330 1150 3398 videantur.
1201 3333 1266 3398 Sed
1293 3335 1399 3421 jocari

278 3449 408 3525 poet-am
438 3438 550 3525 epicae
579 3455 714 3521 poeseos
741 3433 870 3520 pondus
899 3434 1125 3520 repudiantem
1155 3457 1230 3499 cum
1260 3459 1302 3500 ex
1332 3447 1399 3503 toto

280 3542 432 3607 carminis
455 3549 567 3604 tenore
590 3550 658 3603 tum
681 3561 724 3602 ex
746 3559 844 3601 versu
867 3540 917 3604 76.

557 3674 676 3730 esseda
694 3675 803 3730 caelatis
822 3675 887 3730 siste
905 3674 1033 3728 Britanna
1051 3674 1121 3743 iugis

281 3799 395 3864 elucet.
432 3795 529 3862 Initio
552 3794 676 3880 elegiae
699 3795 809 3880 paullo
832 3796 1017 3880 graviorem
1033 3796 1067 3858 in
1084 3792 1216 3858 modum
1232 3795 1401 3879 profitetur

280 3924 314 3964 se
342 3900 411 3964 solo
438 3921 548 3964 amore
575 3897 617 3962 ad
640 3899 785 3963 carmina
806 3896 980 3963 condenda
1000 3897 1142 3963 incendi.
1186 3897 1333 3962 Excusat
1354 3919 1399 3981 se,

281 4004 369 4090 quod
396 4003 489 4093 epica
510 4001 656 4065 carmina
678 4001 809 4064 omnino
832 4023 898 4064 non
921 4001 1049 4065 faceret.
1095 4000 1215 4065 Inserit
1237 4021 1283 4082 se,
1306 4001 1334 4063 si
1355 4001 1399 4064 fa-

281 4116 376 4188 ceret,
398 4107 586 4191 Augustum
610 4104 716 4188 potins
740 4125 835 4188 quam
860 4105 1025 4188 praeteriti
1047 4103 1202 4190 temporis
1220 4104 1309 4168 viros
1326 4125 1399 4167 can·
