3116 4746
768 354 968 451 *aa*

311 542 408 624 Quod
437 546 463 608 si
491 545 538 607 ita
567 564 600 605 33
623 541 771 622 haberet,
801 539 942 603 scribere
964 540 1076 604 liceret
1098 542 1185 624 quod
1208 544 1331 605 amicus
1355 559 1435 602 con-

304 647 385 733 jecit
406 646 509 726 „velis
532 643 717 734 profugos,“
741 646 797 706 ctr.
821 641 888 705 Cic.
905 641 1002 706 Tusc.
1018 644 1048 724 3,
1072 644 1121 723 11,
1144 646 1186 711 25
1201 644 1320 725 „remis
1335 640 1434 705 velis-

310 770 374 833 que
397 747 531 832 fugere“
554 756 637 812 auct.
660 744 736 809 bell.
760 745 913 810 11131146
935 743 1037 826 „velis
1057 745 1263 830 profugere.“
1306 744 1437 808 Tamen

310 872 376 913 non
399 849 505 931 video,
539 869 639 935 quare
662 848 878 932 impediamur
902 849 1076 934 quominus
1098 849 1234 913 Romam
1258 871 1331 913 cum
1355 868 1438 933 qua·
1473 895 1477 909 .

310 952 390 1015 libet
418 951 483 1015 alia
505 951 585 1015 urbe
613 960 832 1035 comparatam
856 972 925 1014 esse
948 959 1108 1034 putemus,
1140 974 1203 1037 quo
1228 953 1335 1014 minus
1358 958 1438 1034 apte

292 1046 469 1141 'Trojanos
491 1037 626 1138 penates
649 1075 718 1117 sese
741 1053 915 1117 collaturos
937 1053 1037 1116 fuisse
1057 1054 1245 1138 Propertius
1267 1049 1437 1134 indicat.*)

372 1172 556 1237 Pronomen
585 1182 693 1236 autem
722 1171 845 1254 „huc,“
868 1173 902 1235 in
926 1193 990 1259 quo
1013 1172 1204 1254 haeserunt,
1226 1197 1257 1237 v.
1280 1174 1331 1238 39.
1354 1171 1436 1234 item

310 1283 346 1338 ut
378 1272 484 1356 ,‚hoc“
517 1298 547 1338 v.
579 1277 625 1354 1.,
660 1275 780 1356 „hinc“
812 1298 843 1338 v.
880 1277 932 1340 31.
961 1277 1012 1341 32.
1043 1275 1204 1351 δεικτικῶς
1232 1273 1273 1338 ad
1295 1274 1436 1337 Romam

311 1385 443 1464 spectat.

375 1479 502 1544 Deinde
526 1479 748 1566 Liitjohannes
778 1500 844 1541 non
873 1478 1049 1560 intellexit,
1080 1499 1144 1565 quo
1174 1478 1309 1542 consilio
1338 1486 1440 1562 poeta

312 1580 347 1643 id
376 1590 522 1663 secutus,
551 1592 587 1645 ut
616 1605 633 1647 e
655 1581 801 1668 parvulis
823 1583 925 1646 initiis
949 1582 1098 1646 aedificia
1120 1591 1152 1645 et
1173 1603 1264 1644 sacra
1286 1581 1440 1644 Romana

310 1682 630 1766 magnificentissime
666 1692 762 1747 aucta
790 1705 860 1746 esse
888 1683 1050 1764 ostendat,
1080 1684 1211 1748 Troiam
1238 1693 1371 1771 penates
1398 1684 1438 1746 111

310 1783 437 1848 11311331
468 1787 684 1850 transmisisse
714 1785 809 1850 dicat.
861 1785 945 1849 Nam
976 1786 1054 1871 quid
1081 1787 1116 1848 in
1145 1786 1308 1850 Krahneri
1336 1787 1439 1848 inter·

309 1885 491 1970 pretatione
515 1890 556 1972 (c.
572 1911 603 1974 p.
619 1891 675 1972 62)
698 1895 866 1972 tantopere
890 1886 1069 1972 displiceat,
1093 1910 1153 1972 ego
1178 1911 1245 1951 non
1266 1887 1437 1972 intellego,

309 1987 342 2051 Is
365 1989 451 2052 enim
475 1990 745 2074 magni-tudinem,
772 2011 837 2075 qua
859 1989 962 2054 Roma
976 1990 1137 2077 Propertii
1159 1999 1264 2054 aetate
1286 1989 1437 2071 florebat,
1554 2029 1555 2054 1

312 2090 430 2155 deduci
454 2102 564 2156 censet
586 2115 628 2156 ex
649 2093 747 2155 insita
769 2091 884 2180 priscis
899 2092 1054 2156 Romanis
1076 2116 1201 2158 morum
1226 2092 1438 2178 simplicitate

311 2192 368 2256 sed
396 2194 571 2278 conjuncta
599 2193 656 2258 illa
686 2216 761 2258 cum
790 2195 975 2260 faventibus
1004 2195 1176 2282 penatibus
1204 2195 1354 2281 Trojanis
1375 2195 1438 2260 Ju-

310 2297 494 2382 liorumque
516 2297 652 2361 numine
674 2298 833 2382 propitio;
857 2299 997 2362 eundem
1021 2306 1128 2362 autem
1140 2307 1226 2360 recte
1240 2297 1355 2361 fecisse
1370 2297 1439 2361 hoe

305 2398 468 2483 judicium
493 2420 530 2461 eo
553 2401 657 2482 magis
679 2400 761 2462 mihi
784 2421 975 2482 persuasum
1000 2411 1057 2482 est,
1086 2422 1149 2487 quo
1173 2402 1281 2462 minus
1305 2399 1345 2463 de
1360 2422 1437 2463 ver-

311 2500 399 2563 sibus
429 2503 480 2566 33.
504 2523 574 2587 sqq.
604 2497 1436 2587 1313Ρ133311131113(1311333333113333311313,
1553 2489 1554 2566 ss

311 2623 396 2687 quae
411 2598 511 2686 supra
526 2603 672 2686 exposui,
694 2613 837 2686 apparet.
883 2603 977 2684 Quod
990 2614 1098 2668 autem
1115 2605 1194 2668 dicit
1208 2603 1436 2688 Ltitjohannes

312 2727 354 2768 ex
375 2726 423 2786 eo,
448 2706 535 2791 quod
558 2729 588 2768 v.
613 2708 738 2772 7.-32.
760 2705 882 2790 templa
897 2707 1109 2793 institutaque
1124 2727 1222 2789 parca
1237 2727 1320 2791 quae
1336 2716 1437 2770 antea

311 2816 403 2870 erant
425 2817 456 2871 31
478 2807 590 2871 eadem
606 2806 936 2892 magnificentissima,
960 2809 1079 2895 quibus
1094 2829 1184 2871 nunc
1199 2807 1303 2872 Roma
1317 2817 1436 2872 ornata

311 2919 374 2992 est,
398 2920 583 2974 constanter
605 2911 690 2974 inter
712 2931 782 2973 sese
804 2921 1023 2996 opponuntur,
1053 2918 1280 2994 argumentum
1304 2931 1434 2973 sumen·
1552 2947 1553 2954 1

312 3011 389 3075 dum
414 3034 493 3093 esse,
518 3033 581 3097 quo
605 3011 768 3075 eiciendos
791 3033 860 3075 3333
882 3034 992 3078 versus
1015 3016 1161 3081 39.-54.
1178 3012 1434 3095 demonstratum

311 3115 392 3179 haec
426 3137 523 3201 quam
558 3114 598 3177 sit
630 3137 746 3181 manca
767 3116 986 3198 ratiocinatio,
1020 3137 1116 3180 nemo
1139 3123 1187 3178 331
1209 3115 1288 3201 quin
1310 3114 1433 3179 videat.

311 3217 436 3281 Tamen
464 3216 542 3280 latet
563 3217 597 3278 in
621 3237 659 3278 ea
681 3217 823 3303 aliquid,
852 3217 940 3303 quod
963 3219 1057 3304 quasi
1079 3239 1138 3303 per
1159 3216 1296 3280 nebulas
1321 3217 1435 3304 Lutjo-

311 3319 436 3382 hannes
458 3319 646 3403 perpexisse
667 3319 806 3400 videtur,
829 3321 909 3385 veri.
954 3320 1039 3384 Mira
1054 3321 1196 3405 profecto
1211 3320 1336 3384 ratione
1352 3319 1434 3406 lupa
1551 3405 1552 3412 ἵ

310 3420 442 3500 Martia,
483 3441 581 3506 quam
614 3423 783 3505 sanguinis
818 3422 963 3485 altricem
992 3423 1091 3486 fuisse
1120 3422 1267 3500 Romano
1297 3421 1433 3486 alumno

305 3525 379 3609 jam
400 3545 432 3587 v.
455 3525 507 3590 38.
530 3523 713 3608 expositum
737 3534 801 3605 est,
824 3533 996 3609 postquam
1020 3525 1060 3589 de
1084 3525 1234 3610 Trojanis
1257 3524 1433 3608 penatibus

312 3625 412 3690 verba
448 3624 546 3706 fiunt,
581 3627 699 3690 iterum
735 3637 1014 3690 commemoratur.
1063 3629 1146 3692 Nam
1177 3636 1303 3691 tantum
1330 3627 1431 3710 abest,

312 3739 348 3792 ut
370 3749 530 3791 summam
552 3727 613 3791 hac
635 3729 669 3791 in
687 3750 722 3792 re
739 3727 934 3812 elegantiam
950 3732 1039 3794 cerni
1055 3729 1226 3794 Krahnero
1242 3729 1431 3812 concedam,

311 3840 348 3894 ut
369 3852 482 3895 versus
506 3831 558 3897 55.
581 3851 628 3915 sq.
652 3840 725 3914 post
746 3855 777 3894 v.
800 3835 852 3900 38.
876 3831 1090 3895 removendos
1115 3854 1184 3896 3333
1206 3832 1242 3895 L.
1266 3832 1431 3917 Largium

311 3941 552 4018 praeceptorem
576 3934 694 4018 optime
717 3934 758 3998 de
780 3957 832 3997 me
847 3935 997 3998 meritum
1012 3943 1142 3999 secutus
1157 3956 1318 3999 censeam.
1353 3935 1430 4021 Ipse

312 4074 513 4084 ——-.-—

379 4139 405 4210 *)
424 4139 510 4192 Aliter
529 4137 579 4192 hoo
600 4139 726 4203 „melius“
747 4141 863 4207 explicat
877 4140 958 4220 Voigt
975 4155 1036 4210 pag.
1057 4139 1097 4194 43.
