3116 4746
660 385 701 466 at

115 579 206 648 enim
229 577 420 650 Krabnerus
444 587 485 650 ad
507 611 537 653 v.
553 591 603 656 38.
626 589 785 653 concessit
806 608 985 673 numquam
1009 609 1083 653 cum
1107 577 1169 652 diis
1185 601 1239 651 ex-

113 687 217 750 ternis
245 687 304 751 sed
326 711 454 773 semper
476 710 549 752 cum
572 691 779 775 indegetibus
803 691 1011 776 conjunctam
1034 713 1103 755 esse
1126 692 1237 777 lupam

7 795 8 824 ³
113 787 281 854 Martiam.
326 790 472 873 Accedit,
503 793 591 878 quod
620 794 654 856 in
684 814 791 856 rerum
815 793 1102 858 vetustissimarum
1125 793 1239 856 Roma·

113 913 235 954 narum
259 891 474 978 descriptione
498 896 542 980 (v.
567 897 692 961 1.-38.
716 893 834 980 quibus
857 895 946 978 prior
968 894 1065 980 hujus
1081 894 1239 980 prooemii

111 1015 192 1078 pars
233 995 429 1080 continetur)
468 1019 563 1060 nemo
605 998 739 1061 deorum
780 1005 1051 1060 commemoratur
1087 997 1152 1059 nisi
1182 997 1239 1081 qui

7 1181 8 1188 ἵ
111 1094 194 1158 inde
224 1095 265 1159 ab
296 1099 524 1184 antiquissima
551 1109 656 1163 aetate
687 1123 707 1164 a
728 1098 882 1162 Romanis
905 1098 1097 1163 colebantur
1119 1108 1154 1163 ut
1176 1098 1239 1161 Lu-

110 1219 233 1280 percus
250 1221 281 1264 v.
297 1202 348 1280 26,
370 1200 527 1265 Euander
549 1202 583 1266 id
606 1211 654 1266 est
676 1202 810 1266 Faunus
826 1224 857 1264 v.
874 1203 903 1282 4,
928 1203 983 1265 cfr.
1000 1200 1124 1266 Parilia
1139 1225 1170 1264 v.
1188 1204 1238 1266 19.

110 1297 201 1362 Vide
224 1322 308 1385 quae
330 1302 370 1365 de
394 1303 612 1389 descriptione
628 1307 725 1392 hujus
741 1305 894 1367 carminis
911 1304 1063 1367 Krahner
1078 1304 1238 1387 exposuit.

109 1401 228 1465 Priore
269 1404 369 1489 igitur
416 1406 487 1470 loco
521 1430 538 1469 e
574 1408 782 1494 simplicitate
820 1408 1041 1470 Romanorum
1084 1405 1146 1469 diis
1185 1405 1238 1468 ad-

104 1503 305 1589 juvantibus
338 1509 565 1571 vetustissimis
599 1509 754 1594 splendor
787 1510 908 1572 Romae
942 1511 1088 1572 evenisse
1121 1508 1240 1571 dicitur

111 1629 146 1668 v.
172 1610 307 1688 1.-38.,
330 1611 507 1692 posteriore
528 1633 559 1674 v.
582 1614 730 1679 ,sa-54
747 1633 867 1675 nevum
884 1620 1111 1694 argumentum
1128 1611 1168 1674 de
1185 1634 1238 1675 ex-

110 1709 217 1772 ternis
245 1710 461 1796 Trojanorum
496 1711 557 1775 diis
597 1714 804 1798 desumptum
844 1712 983 1778 additur.
1042 1713 1114 1797 Age
1150 1735 1238 1795 vero,

111 1810 278 1896 quomodo
307 1822 342 1876 ut
363 1813 495 1878 alterius
517 1814 615 1900 hujus
637 1818 737 1900 partis
760 1838 920 1878 summam
945 1824 1101 1899 exponat,
1131 1824 1238 1901 potest

110 1913 217 1978 relabi
246 1924 342 2000 poeta
370 1916 412 1980 ad
438 1915 550 2002 lupam
574 1919 741 2000 Martiam,
773 1941 838 2005 qna
861 1940 903 1981 ex
925 1919 997 2003 ipsa
1018 1918 1238 1982 Romanorum

109 2014 272 2101 religione
315 2027 346 2081 et
384 2018 493 2082 indole
533 2043 610 2107 opes
641 2022 804 2085 Romanas
843 2021 997 2085 adauctas
1035 2042 1104 2084 esse
1134 2019 1238 2084 dicit?

110 2119 220 2205 Saepe
255 2142 332 2183 vero
361 2143 474 2185 versus
503 2123 538 2185 in
569 2125 767 2188 carminibus
797 2123 1018 2207 Propertianis
1049 2145 1069 2187 a
1096 2122 1237 2187 librariis

109 2221 194 2284 falso
224 2219 295 2285 loco
326 2223 446 2308 positos
477 2245 547 2287 esse
577 2224 635 2287 vix
665 2226 725 2287 erit
755 2227 812 2310 qui
838 2234 937 2310 neget
966 2233 997 2286 et
1026 2223 1087 2288 hoc
1109 2226 1180 2309 ipso
1202 2225 1237 2287 in

112 2325 260 2386 carmine
283 2347 397 2388 versus
420 2328 471 2392 87.
495 2329 545 2393 88.
569 2327 747 2389 rectissime
762 2327 882 2392 Miiller
904 2335 1035 2390 revocat
1050 2336 1124 2391 ante
1139 2351 1168 2392 v.
1186 2329 1237 2393 53.

109 2426 190 2490 Jam
217 2425 292 2489 vide
323 2436 426 2490 totum
454 2427 561 2492 locum
595 2429 700 2516 qualis
731 2451 772 2492 ex
801 2452 874 2492 mea
903 2431 1064 2493 sententia
1095 2428 1136 2492 ab
1167 2429 1237 2514 ipso

110 2528 284 2613 Propertio
308 2532 504 2615 compositus
527 2554 597 2595 esse
619 2531 779 2595 videatur.
1137 2524 1139 2529 ⁵

283 2648 352 2702 Hinc
372 2650 476 2703 'litiens
495 2653 663 2718 Ramnesque
682 2651 731 2703 viri
749 2652 914 2717 Luceresque
933 2651 1025 2714 coloni,
1084 2650 1116 2702 31

335 2733 466 2797 Quattuor
483 2735 547 2789 hinc
565 2737 638 2789 albos
656 2736 784 2789 Romulus
803 2736 860 2803 egit
878 2751 964 2802 equos.
1085 2735 1119 2788 32

563 2821 578 2854 ³l=
769 2821 783 2853 ’Β

666 2858 681 2890 *

284 2903 387 2973 Quippe
406 2906 570 2960 suburbanae
587 2923 667 2975 parva
684 2907 773 2960 minus
792 2905 856 2959 urbe
875 2905 994 2959 Bovillae
1085 2905 1119 2958 33

334 2991 408 3044 Tunc
426 2992 474 3045 ubi
484 2992 606 3045 *Fidenas
625 2994 705 3061 longa
722 2995 779 3044 erat
796 2992 849 3044 isse
868 2991 917 3044 via.
1083 2991 1117 3044 36

282 3075 317 3128 Et
335 3077 411 3130 stetit
429 3077 498 3130 Alba
514 3081 617 3144 potens,
636 3077 711 3131 albae
730 3078 783 3130 suis
803 3077 889 3129 omine
908 3080 979 3140 nata,
1083 3077 1117 3128 35

333 3161 376 3225 ut,
396 3163 442 3228 qui
460 3180 532 3216 nunc
550 3164 626 3228 nulli,
645 3164 759 3216 maxima
777 3161 856 3215 turba
873 3161 949 3215 Gabi.
1083 3161 1117 3214 34

281 3247 328 3299 Nil
346 3248 462 3315 patrium
482 3250 535 3302 nisi
553 3267 648 3304 nomen
668 3250 752 3303 habet
768 3250 904 3300 Romanus
922 3247 1060 3300 alumnus:
1083 3245 1117 3300 37

333 3333 477 3402 Sanguinis
496 3335 615 3388 altricem
633 3351 685 3387 non
701 3333 788 3402 pudet
805 3347 863 3385 esse
882 3333 978 3400 lupam.
1078 3332 1112 3385 38

281 3417 388 3486 Optima
404 3421 537 3474 nutricum
555 3422 652 3474 nostris
670 3421 736 3488 lupa
752 3419 849 3472 Martia
866 3417 953 3481 rebus,
1081 3416 1115 3469 55

333 3504 429 3568 Qualia
446 3509 583 3558 creverunt
600 3505 704 3558 moenia
721 3504 789 3556 lacte
807 3503 869 3555 tuo!
1082 3501 1115 3554 56

280 3589 338 3642 Huc
355 3590 450 3643 melius
468 3590 595 3658 profugos
612 3589 718 3652 misisti,
737 3587 823 3650 Troia,
840 3588 960 3654 penates.
1082 3585 1116 3638 39

331 3675 372 3728 En
392 3677 463 3743 quali
481 3680 583 3729 vectust
599 3676 723 3729 Dardana
740 3674 837 3742 puppis
856 3675 915 3726 ave!
1081 3672 1115 3725 40

279 3761 335 3813 Iam
355 3761 422 3814 bene
441 3760 608 3829 spondebant
625 3764 688 3814 tunc
706 3760 802 3823 omina,
822 3757 894 3825 quod
911 3759 979 3811 nihil
997 3758 1072 3810 illam

331 3847 456 3901 Laeserat
473 3844 581 3914 abiegni
599 3850 691 3900 venter
708 3848 816 3913 apertus
835 3843 907 3911 equi,

197 3961 200 3964 ·
281 3931 347 3986 Cum
365 3936 441 3999 pater
458 3934 486 3985 in
505 3931 563 3984 nati
581 3931 701 3998 trepidus
721 3932 819 3984 cervice
836 3928 973 3998 pependit,

335 4017 371 4070 Et
387 4018 500 4070 veritast
516 4033 620 4070 umeros
638 4032 712 4069 urere
730 4015 839 4068 flamma
856 4015 921 4082 pios.

281 4101 354 4156 Tunc
372 4102 455 4155 enimi
473 4117 567 4156 venere
584 4101 650 4155 Deci
667 4102 797 4168 Bmtique
815 4116 928 4165 secures,
992 4119 996 4127 ¹
1080 4099 1114 4152 45

331 4186 410 4240 Venit
428 4189 530 4258 etipsa
548 4187 590 4240 sui
609 4187 728 4241 Caesaris
747 4204 820 4240 arma
838 4186 936 4250 Venus,
