3116 4746
697 327 737 392 lo

613 415 815 426 Μ

216 511 318 578 Miror
348 509 437 598 quod
466 511 502 576 L.
526 512 646 578 llliiller
673 512 719 577 de
743 515 893 580 versibus
924 515 1125 608 difficillimis
1147 517 1197 581 37.
1222 516 1274 581 38.

152 613 201 678 nil
232 614 321 678 dicit.
371 613 456 678 Nam
485 616 532 680 ita
561 625 596 680 ut
626 638 681 682 eos
712 617 802 682 dedit
823 639 955 703 prorsus
978 640 1044 682 non
1067 617 1171 698 video,
1195 616 1275 703 qnid

152 715 216 780 sibi
238 716 350 780 velint
384 716 551 782 Lacunam
576 728 683 786 autem
707 730 782 785 ante
804 743 835 784 v.
858 723 909 786 37.
931 720 1033 784 latere
1055 719 1185 786 Keilius
1207 719 1274 783 obs.

152 818 249 904 Prop.
274 839 347 902 pag.
364 821 415 885 45.
441 842 491 884 me
508 821 622 906 judice
638 825 770 908 egregie
786 823 1028 888 demonstravit.
1058 821 1226 888 Nonnulla
1239 837 1277 884 ut

152 921 196 986 ad
225 921 323 1008 hujus
353 922 606 1008 disputationem
636 925 770 1008 addam,
801 927 896 991 etiam
928 925 962 988 id
990 926 1061 990 fieri
1090 933 1212 1012 potest,
1241 933 1277 988 ut

152 1033 227 1108 post
247 1046 379 1090 versum
401 1029 453 1094 38.
475 1049 590 1093 versus
611 1027 815 1096 intercidisse
838 1028 1000 1111 dicamus,
1022 1028 1057 1093 id
1080 1028 1168 1116 quod
1184 1026 1276 1092 dubi·

153 1135 260 1191 tanter
281 1130 467 1214 suspicatus
491 1139 538 1194 est
554 1128 706 1216 Vulpius.
749 1131 800 1195 lta
819 1130 936 1196 melius
959 1131 1066 1196 locum
1083 1130 1276 1218 expedimus

154 1250 253 1312 quam
284 1231 314 1293 si
341 1252 415 1295 cum
438 1231 630 1298 Burmanno
660 1255 735 1298 eum
756 1235 1002 1321 transponimus
1025 1244 1098 1321 post
1118 1233 1145 1315 Ι,
1163 1237 1211 1314 19,
1235 1237 1275 1310 6.,

154 1331 211 1395 ubi
239 1354 306 1398 non
337 1333 377 1397 de
399 1335 544 1399 virorum
567 1336 654 1401 inter
682 1359 753 1402 sese
776 1338 930 1418 amicitia,
959 1337 1018 1401 sed
1040 1337 1080 1402 de
1102 1335 1275 1400 mulierum
1329 1333 1338 1344 “

155 1437 333 1499 cumviris
356 1459 466 1501 amore
489 1438 606 1523 agitur,
630 1448 687 1506 aut
709 1441 737 1504 si
760 1461 834 1506 oum
849 1439 1062 1506 Lachmanno
1085 1461 1143 1525 pro
1164 1448 1277 1518 „testa-

153 1545 244 1602 tur“:
276 1560 357 1616 „ceu
383 1540 488 1604 fatur“
516 1539 705 1622 scribimus,
734 1551 791 1606 aut
813 1543 840 1606 si
863 1564 937 1608 cum
960 1541 1127 1607 nonnullis
1150 1542 1277 1626 spurios

155 1661 226 1704 esse
256 1664 371 1706 versus
399 1643 635 1726 contendimus,
670 1645 727 1709 cfr.
754 1644 873 1710 Struve
899 1667 974 1731 pag.
1005 1648 1066 1726 43,
1089 1642 1277 1709 Heimreicb

154 1765 230 1829 pag.
253 1746 306 1812 46.
313 1794 322 1826 ,
352 1744 529 1810 Paldamus
559 1747 661 1834 praef.
685 1747 728 1811 ad
748 1771 823 1834 pag.
847 1751 898 1816 37.
921 1755 978 1811 aut
999 1747 1026 1811 si
1049 1769 1122 1811 cum
1143 1744 1277 1810 Barthio

155 1845 340 1934 „qualiter“
363 1847 565 1936 supplemus.
609 1851 694 1916 Nam
718 1850 782 1916 loci
805 1849 845 1915 ab
868 1849 932 1915 hoc
954 1849 1045 1916 allati

447 1988 577 2054 qualem
595 1989 746 2043 ministrum
765 1989 884 2043 fulminis
902 1988 994 2042 alitem
1029 2006 1053 2043 v.
1072 1992 1096 2043 l.

409 2199 413 2208 .
514 2160 578 2214 olim
594 2161 716 2214 iuventas
734 2164 761 2215 et
778 2162 881 2230 patrius
898 2163 974 2231 vigor

514 2245 577 2299 nido
593 2245 711 2300 labomm
729 2247 846 2315 propulit
863 2247 975 2302 inscium

514 2332 639 2399 remique
661 2374 922 2386 .......

448 2419 576 2486 qualern
595 2419 673 2472 laetis
691 2435 783 2486 caprea
799 2420 905 2486 pascuis
1025 2436 1049 2472 v.
1070 2418 1108 2472 13.

513 2505 619 2558 intenta
635 2502 723 2556 fulvae
741 2505 834 2558 matris
852 2504 884 2558 ab
902 2504 982 2558 ubere

514 2591 567 2644 iam
584 2589 654 2642 lacte
671 2589 811 2658 depulsum
827 2590 930 2644 leonem

566 2675 646 2729 dente
664 2691 730 2728 novo
747 2676 864 2743 peritura
881 2675 962 2738 vidit;

515 2760 603 2814 videre
621 2760 712 2813 Raetis
731 2760 802 2813 bellu
820 2760 868 2813 sub
886 2761 1000 2828 Alpibus
1027 2778 1051 2814 v.
1070 2760 1111 2813 17.

515 2847 630 2900 Drusum
650 2847 785 2914 gerentem
803 2845 943 2900 Vindelici.

994 2947 1044 2990 Hor.
1059 2960 1126 2992 cunia.
1139 2945 1171 2996 lv,
1185 2949 1203 2990 4.

296 3071 364 3123 Nam
383 3071 491 3137 qualis
510 3063 726 3138 quantusque
744 3086 806 3123 cavo
824 3070 1003 3139 Polyphemus
1021 3070 1049 3123 in
1068 3071 1142 3123 antro

294 3156 426 3224 lanigeras
444 3156 543 3210 claudit
560 3155 673 3224 pecudes
691 3158 770 3222 atque
788 3154 869 3208 ubera
886 3159 997 3224 pressat,

296 3244 402 3294 centum
420 3241 467 3295 alii
485 3250 562 3296 curia
579 3241 644 3294 haec
661 3239 785 3293 habitant
803 3239 836 3292 ad
854 3239 932 3293 litora
950 3240 1028 3308 volgo

298 3327 401 3380 infandi
421 3326 547 3397 Cyclopes
566 3330 593 3381 et
610 3326 673 3380 altis
691 3325 826 3379 montibus
844 3328 938 3378 errant.

998 3427 1053 3478 Vara.
1066 3429 1116 3470 Am.
1128 3428 1147 3476 3,
1160 3427 1204 3469 641.

159 3565 254 3631 aliter
283 3566 462 3652 comparati
491 3575 580 3649 sunt,
610 3587 687 3630 nam
716 3564 763 3629 ibi
792 3561 878 3629 totae
907 3565 1146 3630 enuntiationes
1167 3587 1281 3652 prono-

159 3669 303 3733 minibus
326 3667 591 3754 comparantibus
614 3667 824 3754 praecedunt.
869 3668 1005 3754 Aliquid
1028 3668 1099 3732 vitii
1114 3667 1168 3732 hic
1182 3667 1282 3732 latere

161 3773 257 3836 etiarn
296 3769 525 3836 Schneidewin
567 3771 727 3835 concessit
770 3769 880 3837 annal.
917 3770 975 3836 vir.
1014 3770 1097 3835 doct
1135 3769 1281 3856 Gotting.

163 3875 253 3954 1846,
276 3873 319 3955 u,
343 3878 415 3941 oea.

224 4009 397 4075 Praeterea
418 3975 587 4097 inelegia
613 4011 657 4094 II,
681 4015 709 4077 1.
732 4012 780 4076 nil
802 4019 851 4076 est
874 4008 961 4095 quod
984 4009 1119 4074 eiciatur
1140 4009 1193 4073 vel
1215 4032 1282 4073 rnu-

160 4121 254 4179 tetur.
299 4113 383 4178 Nam
406 4113 495 4200 quod
517 4114 653 4201 Gruppe
668 4113 775 4178 Minos
798 4135 874 4198 pag.
896 4115 968 4182 512.
991 4133 1039 4197 sq.
1061 4133 1176 4176 versus
1199 4114 1229 4179 5.
1252 4117 1281 4180 6.
