3116 4746
835 299 854 363 8

284 489 419 544 externa
459 481 573 544 saltem
612 482 660 544 rei
692 481 842 564 publicae
873 487 997 568 species
1025 492 1056 547 et
1086 495 1239 550 externus
1269 486 1410 550 deorum

283 584 388 649 cultus
411 583 649 648 observaretur.
674 584 729 647 cfr.
753 584 871 650 Struve
892 576 968 672 pag.
992 591 1043 654 69.
1067 610 1113 672 sq.

346 689 462 774 Itaque
498 684 582 749 nihil
618 686 753 750 relicum
791 688 921 752 videtur
953 689 1017 753 nisi
1052 689 1163 754 fanum
1203 690 1323 756 referre
1363 691 1410 754 ad

283 813 384 854 unum
411 790 566 871 duorum,
597 811 681 874 quae
711 799 803 854 erant
828 791 912 872 (Liv.
936 791 978 854 X.
1002 790 1068 878 23),
1090 793 1285 878 templorum
1307 791 1411 858 Pudi-

283 894 387 974 citiae,
411 914 495 978 quae
510 913 608 956 versu
623 895 674 959 25.
692 889 995 958 commemorantur.
1029 892 1109 958 Tale
1133 896 1213 981 quid
1229 898 1300 982 jam
1323 894 1410 958 vidit

281 995 436 1075 Kuinoel‚
460 995 517 1082 qui
539 1002 612 1078 post
633 998 728 1062 ν.26.
751 995 941 1060 inserendos
965 1018 1037 1060 esse
1052 1019 1165 1062 versus
1178 1000 1228 1065 35.
1252 1001 1303 1067 36.
1327 997 1409 1062 dicit

281 1100 316 1162 in
339 1098 481 1164 editione
503 1097 546 1178 ΙΙ,
572 1099 642 1164 181.
666 1098 753 1160 etin
777 1098 844 1162 obs.
868 1097 965 1183 Prop.
989 1120 1077 1184 spec.
1099 1097 1160 1162 ΙΙΙ.
1183 1123 1259 1186 pag.
1283 1105 1313 1168 8.

346 1202 418 1282 Quo
442 1209 550 1265 autem
573 1199 666 1263 illum
690 1202 925 1264 sententiarum
949 1222 1081 1289 nexum,
1106 1203 1162 1286 qui
1185 1203 1270 1267 inter
1289 1225 1404 1267 versus

282 1308 333 1371 21.
350 1327 397 1390 sq.
415 1311 445 1367 et
460 1306 511 1370 27.
529 1305 576 1389 sq.
595 1302 775 1383 intercedit,
799 1303 1054 1389 conjunctiorem
1070 1304 1200 1386 faceret,
1224 1306 1285 1368 fuit
1299 1327 1407 1389 nuper

284 1409 340 1495 qui
367 1429 481 1470 versus
503 1409 555 1472 25.
579 1428 626 1490 sq.
651 1414 880 1487 anteversum
903 1409 954 1474 35.
977 1416 1113 1490 poneret
1135 1409 1233 1470 etiam
1257 1406 1405 1471 versibus

281 1514 332 1578 23.
356 1512 407 1576 24.
432 1509 471 1572 de
494 1508 565 1572 loco
588 1507 705 1572 tradito
728 1509 868 1572 remotis.
911 1507 963 1572 Ita
985 1517 1094 1573 tamen
1117 1518 1192 1590 ante
1207 1533 1337 1574 versum
1352 1512 1404 1577 27.

284 1614 365 1678 mire
393 1612 462 1675 hiat
489 1633 554 1675 non
583 1620 649 1675 tam
680 1613 913 1676 sententiarum
942 1634 1063 1694 nexae,
1098 1635 1196 1698 quam
1229 1611 1403 1677 verborum

282 1720 428 1802 ipsorum
458 1713 643 1800 conjunctio
671 1736 712 1777 ne
743 1715 880 1778 minima
902 1713 1034 1799 quidem
1057 1715 1146 1779 illius
1169 1717 1405 1780 sententiarum

283 1818 510 1884 cohaerentiae
533 1815 771 1900 significatione
794 1817 913 1897 addita,
938 1825 973 1879 ut
988 1816 1029 1880 de
1044 1819 1230 1902 conjectura
1245 1818 1309 1882 tale
1324 1817 1406 1904 quid

283 1923 317 1985 in
347 1931 472 1984 textum
495 1918 656 1982 inferendi
680 1928 730 1982 sat
752 1941 872 2005 magna
893 1919 935 1982 sit
957 1918 1141 1984 difficultas.
1186 1919 1287 1986 Certe·
1302 1919 1405 1983 multo

285 2024 466 2108 elegantius
499 2031 596 2106 poeta
632 2031 729 2085 antea
761 2021 802 2084 ad
839 2021 977 2107 primam
1014 2043 1140 2087 morum
1177 2031 1405 2107 corruptorum

268 2149 443 2215 caussam,
467 2147 550 2210 quae
573 2125 607 2187 in
631 2145 747 2210 aspera
770 2126 948 2189 amantium
967 2125 1131 2190 dementia
1147 2127 1322 2212 (15-18.)
1339 2147 1405 2189 cer-

284 2231 381 2311 nitur,
412 2231 459 2292 ita
486 2249 604 2290 novam
629 2227 668 2291 de
692 2226 829 2291 Romulo
852 2237 986 2313 petitam
1009 2227 1145 2310 addidit,
1169 2237 1204 2292 ot
1225 2230 1406 2312 interroga-

283 2335 405 2397 tionem
438 2330 619 2394 inculcaret
650 2330 752 2394 hanc:
793 2353 874 2411 „cur
907 2330 1058 2414 exempla
1092 2339 1200 2416 petam
1235 2333 1407 2396 Graium.“

283 2436 399 2521 Itaque
423 2435 522 2498 etiam·
550 2442 625 2497 ante
652 2434 780 2494 tertiam
813 2453 961 2496 caussam
996 2454 1037 2495 ex
1071 2433 1199 2498 tabellis
1233 2434 1405 2499 obscaenis

284 2538 418 2624 petitam
442 2557 561 2599 novam
583 2534 872 2618 interrogationem
896 2556 980 2621 quae
1003 2536 1107 2597 estin
1123 2536 1274 2601 versibus
1289 2541 1339 2604 25.
1356 2560 1404 2622 sq.

285 2639 468 2703 inculcasse
489 2646 585 2722 poeta
600 2636 680 2700 mihi
696 2637 826 2701 videtur
847 2636 904 2702 sed
926 2638 981 2717 ita,
1005 2645 1040 2698 ut
1063 2636 1103 2701 de
1125 2637 1196 2703 loco
1219 2663 1278 2706 suo
1301 2663 1404 2705 remo·

207 2807 210 2811 .
268 2742 410 2815 ‚vendes
432 2763 581 2804 censeam
599 2761 712 2803 versus
727 2742 778 2805 23.
801 2743 863 2820 24,
887 2763 952 2826 qua
968 2738 1008 2828 de
1023 2763 1058 2804 re
1072 2751 1184 2827 postea
1199 2766 1305 2827 agam.
1342 2744 1405 2808 Ne-

286 2867 349 2933 que
370 2845 481 2928 inepte
502 2866 614 2908 versus
637 2846 688 2909 26.
712 2841 754 2904 ad
775 2863 905 2918 versum
929 2845 980 2908 22.
1003 2852 1136 2928 spectat.

347 2949 461 3034 ltaque
483 2946 569 3010 facio
593 2968 667 3010 eum
683 2943 870 3025 Kuinoelio‚
894 2945 952 3008 sed
974 2947 1135 3030 scriptura
1156 2947 1257 3029 ,‚sed“
1280 2949 1324 3034 (v.
1337 2949 1403 3032 35.)

286 3061 343 3116 aut
363 3051 398 3114 in
421 3051 512 3132 „sic“
534 3056 660 3111 mutata
683 3047 753 3132 (cfr.
777 3046 901 3110 Herbst
923 3049 1086 3118 animadv.
1108 3051 1143 3112 in
1165 3050 1261 3136 Prop.
1279 3060 1310 3114 et
1325 3051 1403 3116 Tac.

286 3161 305 3223 8
328 3153 403 3239 maj.
426 3153 531 3216 Jenae
555 3153 637 3218 1815
661 3173 735 3234 pag.
760 3153 811 3217 26.
836 3149 898 3236 sq.)
914 3160 971 3213 aut
986 3151 1074 3236 quod
1089 3151 1170 3214 mihi
1186 3153 1281 3216 etiam
1298 3155 1403 3238 magis

285 3258 392 3346 placet
413 3257 448 3319 in
470 3256 542 3337 ,‚si“
564 3254 620 3317 cfr.
642 3253 847 3316 Lachmanni
870 3253 945 3316 adn.
968 3253 1009 3316 ad
1032 3253 1064 3316 h.
1089 3254 1109 3318 l.
1132 3277 1207 3340 pag.
1233 3257 1303 3322 124.

349 3360 578 3446 Conjecturam
609 3365 734 3437 autem,
765 3379 863 3441 quam
892 3356 1062 3420 Burmann
1090 3358 1242 3443 proponit
1269 3361 1403 3440 „emeri-

284 3468 378 3527 tum“
404 3461 504 3524 scribi
527 3458 649 3545 jubens
678 3480 738 3544 pro
767 3459 972 3540 „immeritor
1001 3459 1073 3544 (cfr.
1097 3460 1194 3545 Prop.
1223 3465 1253 3541 5,
1279 3465 1328 3544 11,
1353 3466 1402 3530 72.

284 3565 420 3648 „laudat
452 3562 510 3626 ubi
544 3563 713 3626 emeritum
748 3560 851 3624 libera
883 3561 970 3625 fama
1001 3568 1149 3647 rogum.“
1199 3563 1295 3630 Ovid.
1330 3565 1403 3642 fast.

283 3669 310 3752 I,
338 3671 409 3736 665.
436 3667 600 3748 „rusticus
623 3666 792 3728 emeritum
815 3663 890 3749 palo
914 3665 1093 3749 suspendat
1115 3665 1307 3752 aratrum“)‚
1337 3690 1402 3731 non

285 3772 499 3836 neeessariam
525 3779 621 3856 puto,
652 3789 726 3832 cum
755 3767 836 3830 illud
859 3767 1065 3848 „immerito“
1086 3767 1127 3830 ad
1149 3769 1296 3851 feminas,
1320 3792 1404 3855 quae

285 3873 462 3938 obscaenas
505 3871 642 3936 tabellas
686 3870 914 3956 depinxerunt,
959 3871 1001 3934 sit
1044 3870 1259 3936 referendum.
1316 3874 1404 3938 Ante

284 3978 479 4042 versum37.
503 3973 622 4038 lacuna
644 3996 709 4038 non
734 3974 820 4054 latet,
844 3995 918 4036 cum
941 3994 1047 4036 nexus
1070 3975 1302 4040 sententiarum
1327 3977 1404 4040 satis

284 4088 359 4168 apte
375 4077 539 4166 procedat.
584 4078 720 4142 Summa
736 4077 823 4138 enim
839 4077 996 4157 omnium,
1021 4098 1104 4161 quae
1127 4078 1333 4162 antecedunt,
1357 4088 1405 4143 est
