3116 4746
709 334 726 400 'l

156 534 239 602 quae
274 516 385 583 atatim
419 519 569 606 sequitur
596 517 785 603 collocaret,
814 521 899 586 male
927 544 1092 589 resecasse
1122 524 1183 589 hoc
1207 527 1278 613 jam

154 617 495 701 Lachmannusbene
518 622 696 687 adnotavit.

239 723 314 794 Non
348 727 498 811 graviore
532 734 724 812 argumento
757 728 851 790 nisus
885 725 1021 815 Gruppe
1055 729 1179 793 Minos·
1196 729 1217 792 l.
1251 751 1278 793 c.

152 847 267 890 versus
291 828 340 894 75.
356 849 404 914 sq.
428 827 525 893 delet.
568 829 659 910 „Das
675 828 789 910 stsek,
812 831 929 918 inquit,
953 852 1018 894 von
1031 831 1114 895 Vers
1132 834 1279 899 15.-22.

154 931 243 1014 zeigt
264 931 354 994 seina
376 931 615 1017 Armseligkeit
636 931 792 1016 deutlich,
823 955 857 997 es
879 931 983 997 bleibt
1005 934 1081 998 sehr
1104 935 1148 997 im
1171 933 1280 999 Unbe-

154 1033 352 1096 stimmten.“
376 1033 498 1099 Versus
522 1042 630 1098 autern
653 1037 800 1103 aa-sa
817 1035 851 1100 id
874 1035 1086 1119 continuare,
1108 1037 1196 1123 quod
1225 1059 1279 1101 an-

154 1142 207 1196 tea
230 1132 352 1199 dictum
375 1147 443 1203 erat
463 1159 537 1219 „mc
548 1138 709 1224 juvenum
732 1139 839 1223 pictae
860 1138 982 1203 facies“
1004 1162 1034 1202 v.
1051 1143 1091 1222 9.,
1115 1161 1222 1226 neque
1244 1141 1279 1204 in

154 1245 258 1300 totum
282 1254 413 1305 carmen
437 1239 599 1327 quadrare
621 1241 691 1304 sine
708 1243 799 1329 justa
822 1263 937 1307 caussa
960 1241 1127 1306 contendit
1142 1242 1175 1306 id
1192 1241 1281 1329 quod

155 1339 277 1422 exeis,
302 1363 386 1427 quae
409 1364 509 1429 supra
532 1343 572 1408 de
595 1346 829 1408 sententiarum
853 1366 942 1410 nexu
965 1345 1111 1430 exposui,
1135 1353 1280 1430 apparet.

152 1440 254 1506 Porro
284 1443 381 1508 valde
412 1444 535 1527 dubito,
564 1468 644 1510 num
676 1454 763 1512 recte
793 1446 913 1511 dixerit
936 1447 1072 1534 Gruppe
1105 1470 1180 1533 pag.
1205 1451 1279 1515 520.

155 1543 361 1631 Propertium
403 1546 484 1611 illud
525 1571 631 1635 „quae
664 1548 779 1612 limina
812 1555 954 1633 ponam“
969 1629 973 1636 Δ
990 1557 1036 1631 (v.
1064 1551 1130 1637 37.)
1168 1560 1279 1614 mente

156 1648 320 1714 rettulisse
348 1649 390 1714 ad
416 1675 444 1714 v.
468 1653 519 1717 24.
565 1651 648 1714 Nam
677 1650 738 1714 hoo
760 1652 824 1714 viri
848 1662 879 1717 et
901 1651 1043 1734 amandi,
1066 1674 1133 1716 non
1156 1653 1281 1718 liminis

156 1751 255 1833 notio,
277 1751 335 1816 illo
358 1774 397 1817 ea
419 1763 613 1838 premuntur
633 1775 716 1840 quae
732 1755 840 1818 statim
858 1764 1029 1818 secuntur:
1058 1776 1165 1840 „quae
1188 1779 1281 1819 num·

157 1873 256 1937 quam
279 1875 378 1940 supra
399 1879 458 1944 pes
479 1857 633 1921 inimicus
655 1861 739 1921 eat.“

241 1955 335 2022 Nova
357 1969 476 2042 autem,
500 1982 583 2046 quae
606 1981 641 2024 re
662 1980 742 2024 vera
764 1968 879 2042 exstat,
904 1959 1078 2024 difficultas
1101 1961 1134 2023 in
1160 1982 1197 2024 eo
1215 1983 1280 2026 ccr-

156 2059 256 2142 nitnr,
279 2061 366 2148 quod
390 2062 552 2127 distichon
581 2065 633 2130 35.
657 2065 719 2144 35,
750 2084 814 2148 quo
837 2066 1072 2130 sententiarum
1095 2085 1183 2128 nexu
1207 2086 1281 2128 cum

156 2163 272 2227 ceteris
301 2163 399 2252 hujus
423 2165 576 2229 carminis
599 2164 747 2249 partibus
770 2168 998 2253 conjungatur,
1021 2176 1190 2250 tantopere
1214 2187 1281 2230 non

156 2274 260 2352 patet,
290 2275 326 2332 ut
352 2275 384 2331 et
410 2276 486 2332 ante
514 2289 646 2332 versum
673 2269 725 2336 35.
756 2277 788 2332 et
815 2277 888 2354 post
917 2289 1048 2332 versum
1072 2271 1127 2336 36.·
1147 2269 1282 2334 lacunas

158 2369 259 2434 latere
289 2372 445 2458 suspicati
477 2373 552 2436 sint.
596 2370 708 2453 Vides,
737 2393 835 2458 quarn
863 2372 982 2434 misere
1012 2381 1197 2457 corruptam
1228 2371 1284 2435 ha-

157 2471 294 2537 beamus
326 2474 475 2560 elegiam.
519 2473 604 2538 Nam
633 2498 708 2541 oum
736 2474 851 2539 merito
875 2473 1000 2539 scilicet
1021 2473 1191 2538 hominum
1215 2496 1284 2538 ara·

158 2595 254 2638 neam
285 2576 412 2642 velasse
449 2578 563 2642 fanum
594 2578 665 2664 jam
700 2586 797 2642 antea
828 2576 958 2642 tabellis
992 2576 1163 2641 obscaenis
1197 2599 1282 2641 corn-

158 2681 344 2744 memoratis
372 2689 469 2765 poeta
490 2681 736 2765 significaverit,
765 2702 831 2744 non
855 2680 1015 2767 particula
1037 2679 1138 2761 „sed“
1160 2683 1207 2744 uti
1230 2703 1283 2767 po-

158 2782 230 2863 tuit,
264 2781 322 2846 sed
354 2782 462 2869 potius
494 2783 639 2869 „igitur“
673 2784 781 2849 dicere
804 2782 953 2847 debebat.
999 2781 1122 2846 Contra
1151 2784 1178 2846 si
1208 2783 1280 2868 quis
1352 2823 1355 2829 -

160 2883 281 2948 dixerit
309 2884 349 2948 de
377 2885 512 2950 deorum
532 2887 601 2967 ira,
630 2908 695 2972 qua
723 2896 836 2951 contra
865 2885 1013 2949 homines
1036 2883 1160 2970 templa
1181 2885 1285 2969 pietu-

159 2989 205 3052 ris
238 2985 422 3073 polluentes
455 2987 650 3052 inflammati
684 2999 788 3070 erant,
823 2987 1034 3074 cogitandum
1069 3009 1138 3052 esse
1171 2986 1217 3050 ita
1249 2995 1288 3049 ut

161 3111 274 3154 eorum
304 3091 417 3154 merito
441 3090 563 3154 factum
587 3113 656 3156 esse
680 3091 816 3174 dicatur,
846 3101 883 3156 ut
905 3089 1118 3154 malaherba
1140 3090 1285 3174 ipsorum

161 3202 285 3258 statuas
312 3193 464 3277 occupet3
494 3195 690 3257 sententiam
714 3193 834 3258 efficiat
855 3216 921 3259 non
944 3193 1053 3280 planis
1076 3191 1185 3256 verbis
1208 3193 1286 3256 satis

162 3296 306 3361 dilucide
340 3296 573 3382 significatam.
615 3295 813 3383 Oonjectura
845 3291 953 3361 a'utem
988 3294 1068 3378 „sed
1101 3300 1213 3359 nunc“
1246 3295 1286 3360 ab

161 3399 376 3486 Hertzbergio
397 3399 432 3462 in
454 3409 580 3482 textum
604 3409 736 3484 recepta
757 3410 870 3464 contra
898 3421 995 3463 usum
1023 3397 1181 3484 loquendi
1207 3420 1287 3484 pug-

162 3526 242 3567 nare
275 3503 406 3567 videtur
439 3503 495 3566 cfr.
529 3501 632 3566 Keilii
666 3502 734 3566 obs.
767 3503 802 3565 in
836 3501 932 3587 Prop.
965 3523 1042 3588 pag.
1076 3502 1127 3565 43.
1184 3499 1289 3563 Valde

163 3614 271 3670 autem
302 3605 512 3686 offendimur,
542 3605 630 3691 quod
653 3626 786 3690 prorsus
808 3627 874 3668 non
897 3603 1026 3685 dicitur,
1050 3604 1144 3690 cujus
1169 3601 1220 3665 dei
1244 3602 1309 3666 fa-v

162 3730 242 3772 num
272 3707 531 3792 intellegendum
566 3709 610 3770 sit
635 3730 667 3771 v.
691 3709 742 3773 35.
787 3706 882 3770 Hanc
905 3704 1129 3768 difficultatem
1153 3706 1290 3768 fortasse

165 3810 314 3874 emedio
336 3810 535 3890 tolleremus,
567 3811 595 3872 si
622 3830 680 3894 pro
704 3816 789 3872 tecta
815 3807 980 3892 „templa“
1003 3830 1033 3870 v.
1057 3810 1108 3874 33.
1132 3806 1289 3870 seribere-

163 3935 248 3977 mus.
293 3913 418 3976 Tamen
449 3912 531 3976 haec
560 3912 750 3998 conjectura
773 3913 843 3998 jam
874 3918 1047 3995 propterea
1077 3931 1144 3973 non
1172 3909 1290 3995 placet,

165 4016 268 4102 quod,
300 4017 429 4080 etiamsi
457 4015 577 4103 cupido
607 4014 777 4078 hominurn
806 4011 932 4076 animos
954 4012 1139 4093 invasisset,
1170 4011 1292 4096 templa

164 4119 336 4186 obscaenis
367 4118 498 4183 tabellis
528 4119 656 4182 variare
688 4138 747 4203 per
777 4115 964 4199 Augustum
995 4114 1052 4175 vix
1081 4113 1184 4196 licuit,
1218 4135 1292 4180 oum
