<?xml version="1.0" encoding="UTF-8"?>
<!DOCTYPE html PUBLIC "-//W3C//DTD XHTML 1.0 Transitional//EN"
    "http://www.w3.org/TR/xhtml1/DTD/xhtml1-transitional.dtd">
<html xmlns="http://www.w3.org/1999/xhtml" xml:lang="en" lang="en">
 <head>
  <title>
</title>
<meta http-equiv="Content-Type" content="text/html;charset=utf-8" />
  <meta name='ocr-system' content='tesseract 3.04.00' />
  <meta name='ocr-capabilities' content='ocr_page ocr_carea ocr_par ocr_line ocrx_word'/>
</head>
<body>
  <div class='ocr_page' id='page_1' title='image "./quaestionesprop00heydgoog_0038.png"; bbox 0 0 3116 4746; ppageno 0'>
   <div class='ocr_carea' id='block_1_1' title="bbox 734 331 774 400">
    <p class='ocr_par' dir='ltr' id='par_1_1' title="bbox 734 331 774 400">
     <span class='ocr_line' id='line_1_1' title="bbox 734 331 774 400; baseline 0.05 -2"><span class='ocrx_word' id='word_1_1' title='bbox 734 331 774 400; x_wconf 70' lang='lat'>37·</span> 
     </span>
    </p>
   </div>
   <div class='ocr_carea' id='block_1_2' title="bbox 193 517 1315 710">
    <p class='ocr_par' dir='ltr' id='par_1_2' title="bbox 193 517 1315 710">
     <span class='ocr_line' id='line_1_2' title="bbox 193 517 1315 608; baseline 0.002 -26"><span class='ocrx_word' id='word_1_2' title='bbox 193 533 313 583; x_wconf 83' lang='lat' dir='ltr'>nomen</span> <span class='ocrx_word' id='word_1_3' title='bbox 341 541 360 582; x_wconf 93' lang='lat' dir='ltr'>a</span> <span class='ocrx_word' id='word_1_4' title='bbox 387 529 483 606; x_wconf 91' lang='lat' dir='ltr'>poeta</span> <span class='ocrx_word' id='word_1_5' title='bbox 504 521 697 605; x_wconf 90' lang='lat' dir='ltr'>inscriptum</span> <span class='ocrx_word' id='word_1_6' title='bbox 721 521 859 605; x_wconf 89' lang='lat' dir='ltr'>legatur.</span> <span class='ocrx_word' id='word_1_7' title='bbox 903 522 1018 608; x_wconf 89' lang='lat' dir='ltr'>ltaque</span> <span class='ocrx_word' id='word_1_8' title='bbox 1041 544 1099 586; x_wconf 87' lang='lat' dir='ltr'>our</span> <span class='ocrx_word' id='word_1_9' title='bbox 1121 521 1204 586; x_wconf 92' lang='lat' dir='ltr'>illud</span> <span class='ocrx_word' id='word_1_10' title='bbox 1227 517 1315 586; x_wconf 89' lang='lat' dir='ltr'>disti-</span> 
     </span>
     <span class='ocr_line' id='line_1_3' title="bbox 194 620 1045 710; baseline 0.007 -26"><span class='ocrx_word' id='word_1_11' title='bbox 194 620 279 684; x_wconf 82' lang='lat' dir='ltr'>chon</span> <span class='ocrx_word' id='word_1_12' title='bbox 302 643 322 684; x_wconf 92' lang='lat' dir='ltr'>a</span> <span class='ocrx_word' id='word_1_13' title='bbox 342 621 513 707; x_wconf 84' lang='lat' dir='ltr'>Propertio</span> <span class='ocrx_word' id='word_1_14' title='bbox 536 623 762 708; x_wconf 83' lang='lat' dir='ltr'>abjudicemus</span> <span class='ocrx_word' id='word_1_15' title='bbox 785 646 851 687; x_wconf 90' lang='lat' dir='ltr'>non</span> <span class='ocrx_word' id='word_1_16' title='bbox 874 626 1045 710; x_wconf 89' lang='lat' dir='ltr'>perspicio.</span> 
     </span>
    </p>
   </div>
   <div class='ocr_carea' id='block_1_3' title="bbox 651 850 853 860">
    <p class='ocr_par' dir='ltr' id='par_1_3' title="bbox 651 850 853 860">
     <span class='ocr_line' id='line_1_4' title="bbox 651 850 853 860; baseline 0.01 -2"><span class='ocrx_word' id='word_1_17' title='bbox 651 850 853 860; x_wconf 49' lang='lat' dir='ltr'>——mo</span> 
     </span>
    </p>
   </div>
   <div class='ocr_carea' id='block_1_4' title="bbox 268 1045 1244 1218">
    <p class='ocr_par' dir='ltr' id='par_1_4' title="bbox 268 1045 1244 1218">
     <span class='ocr_line' id='line_1_5' title="bbox 268 1045 1244 1148; baseline 0.003 -38"><span class='ocrx_word' id='word_1_18' title='bbox 268 1045 342 1111; x_wconf 91' lang='lat' dir='ltr'>VII.</span> <span class='ocrx_word' id='word_1_19' title='bbox 387 1049 449 1113; x_wconf 83' lang='lat' dir='ltr'>DE</span> <span class='ocrx_word' id='word_1_20' title='bbox 472 1049 580 1148; x_wconf 70' lang='lat' dir='ltr'>rma</span> <span class='ocrx_word' id='word_1_21' title='bbox 604 1049 809 1114; x_wconf 84' lang='lat' dir='ltr'>OODIOUM</span> <span class='ocrx_word' id='word_1_22' title='bbox 831 1049 1244 1116; x_wconf 81' lang='lat' dir='ltr'><strong>PROPERTIANORUM</strong></span> 
     </span>
     <span class='ocr_line' id='line_1_6' title="bbox 403 1151 1106 1218; baseline -0.004 -2"><span class='ocrx_word' id='word_1_23' title='bbox 403 1151 708 1217; x_wconf 82' lang='lat' dir='ltr'><strong>NEAPOLITANI</strong></span> <span class='ocrx_word' id='word_1_24' title='bbox 730 1152 789 1216; x_wconf 87' lang='grc' dir='ltr'>ΕΤ</span> <span class='ocrx_word' id='word_1_25' title='bbox 814 1151 1106 1218; x_wconf 81' lang='lat' dir='ltr'>GRONINGANI.</span> 
     </span>
    </p>
   </div>
   <div class='ocr_carea' id='block_1_5' title="bbox 191 1287 1370 3623">
    <p class='ocr_par' dir='ltr' id='par_1_5' title="bbox 191 1287 1370 3623">
     <span class='ocr_line' id='line_1_7' title="bbox 256 1287 1317 1377; baseline 0.002 -27"><span class='ocrx_word' id='word_1_26' title='bbox 256 1287 309 1351; x_wconf 91' lang='lat' dir='ltr'>De</span> <span class='ocrx_word' id='word_1_27' title='bbox 338 1288 505 1352; x_wconf 79' lang='lat' dir='ltr'>codicibus</span> <span class='ocrx_word' id='word_1_28' title='bbox 532 1289 754 1374; x_wconf 90' lang='lat' dir='ltr'>Propertianis</span> <span class='ocrx_word' id='word_1_29' title='bbox 784 1312 983 1377; x_wconf 91' lang='lat' dir='ltr'>quamquam</span> <span class='ocrx_word' id='word_1_30' title='bbox 1012 1288 1108 1351; x_wconf 91' lang='lat' dir='ltr'>multi</span> <span class='ocrx_word' id='word_1_31' title='bbox 1139 1290 1202 1352; x_wconf 89' lang='lat' dir='ltr'>viri</span> <span class='ocrx_word' id='word_1_32' title='bbox 1231 1288 1317 1352; x_wconf 91' lang='lat' dir='ltr'>docti</span> 
     </span>
     <span class='ocr_line' id='line_1_8' title="bbox 193 1389 1316 1478; baseline 0.002 -26"><span class='ocrx_word' id='word_1_33' title='bbox 193 1389 296 1453; x_wconf 92' lang='lat' dir='ltr'>multa</span> <span class='ocrx_word' id='word_1_34' title='bbox 312 1391 382 1476; x_wconf 92' lang='lat' dir='ltr'>jam</span> <span class='ocrx_word' id='word_1_35' title='bbox 404 1391 623 1476; x_wconf 86' lang='lat' dir='ltr'>disputarunt,</span> <span class='ocrx_word' id='word_1_36' title='bbox 645 1402 765 1470; x_wconf 86' lang='lat' dir='ltr'>tamen,</span> <span class='ocrx_word' id='word_1_37' title='bbox 789 1392 921 1478; x_wconf 90' lang='lat' dir='ltr'>quidde</span> <span class='ocrx_word' id='word_1_38' title='bbox 937 1390 1001 1454; x_wconf 88' lang='lat' dir='ltr'>fide</span> <span class='ocrx_word' id='word_1_39' title='bbox 1017 1412 1128 1454; x_wconf 90' lang='lat' dir='ltr'>eorum</span> <span class='ocrx_word' id='word_1_40' title='bbox 1145 1399 1177 1452; x_wconf 91' lang='lat' dir='ltr'>et</span> <span class='ocrx_word' id='word_1_41' title='bbox 1192 1390 1316 1475; x_wconf 81' lang='lat' dir='ltr'>origine</span> 
     </span>
     <span class='ocr_line' id='line_1_9' title="bbox 194 1493 1316 1579; baseline 0.004 -26"><span class='ocrx_word' id='word_1_42' title='bbox 194 1493 400 1556; x_wconf 86' lang='lat' dir='ltr'>statuendum</span> <span class='ocrx_word' id='word_1_43' title='bbox 432 1495 487 1573; x_wconf 83' lang='lat' dir='ltr'>sit,</span> <span class='ocrx_word' id='word_1_44' title='bbox 518 1516 560 1557; x_wconf 90' lang='lat' dir='ltr'>ne</span> <span class='ocrx_word' id='word_1_45' title='bbox 589 1517 678 1558; x_wconf 89' lang='lat' dir='ltr'>nuno</span> <span class='ocrx_word' id='word_1_46' title='bbox 707 1494 838 1579; x_wconf 88' lang='lat' dir='ltr'>quidem</span> <span class='ocrx_word' id='word_1_47' title='bbox 863 1504 956 1558; x_wconf 88' lang='lat' dir='ltr'>extra</span> <span class='ocrx_word' id='word_1_48' title='bbox 978 1493 1189 1567; x_wconf 83' lang='lat' dir='ltr'>dubitationis</span> <span class='ocrx_word' id='word_1_49' title='bbox 1212 1493 1316 1557; x_wconf 89' lang='lat' dir='ltr'>aleam</span> 
     </span>
     <span class='ocr_line' id='line_1_10' title="bbox 194 1593 1319 1680; baseline -0.001 -22"><span class='ocrx_word' id='word_1_50' title='bbox 194 1596 336 1679; x_wconf 91' lang='lat' dir='ltr'>positum</span> <span class='ocrx_word' id='word_1_51' title='bbox 371 1597 463 1680; x_wconf 75' lang='lat' dir='ltr'>est.*)</span> <span class='ocrx_word' id='word_1_52' title='bbox 511 1595 752 1660; x_wconf 87' lang='lat' dir='ltr'>Heimreiohius</span> <span class='ocrx_word' id='word_1_53' title='bbox 783 1607 890 1661; x_wconf 88' lang='lat' dir='ltr'>autem</span> <span class='ocrx_word' id='word_1_54' title='bbox 919 1604 1045 1658; x_wconf 90' lang='lat' dir='ltr'>tantum</span> <span class='ocrx_word' id='word_1_55' title='bbox 1076 1593 1168 1658; x_wconf 90' lang='lat' dir='ltr'>abest</span> <span class='ocrx_word' id='word_1_56' title='bbox 1197 1605 1233 1657; x_wconf 89' lang='lat' dir='ltr'>ut</span> <span class='ocrx_word' id='word_1_57' title='bbox 1262 1594 1319 1657; x_wconf 92' lang='lat' dir='ltr'>ali-</span> 
     </span>
     <span class='ocr_line' id='line_1_11' title="bbox 195 1696 1317 1782; baseline -0.001 -22"><span class='ocrx_word' id='word_1_58' title='bbox 195 1719 293 1782; x_wconf 84' lang='lat' dir='ltr'><strong>quam</strong></span> <span class='ocrx_word' id='word_1_59' title='bbox 308 1697 413 1761; x_wconf 92' lang='lat' dir='ltr'>codici</span> <span class='ocrx_word' id='word_1_60' title='bbox 436 1697 654 1782; x_wconf 78' lang='lat' dir='ltr'>Groningano.</span> <span class='ocrx_word' id='word_1_61' title='bbox 673 1699 831 1762; x_wconf 90' lang='lat' dir='ltr'>concedat</span> <span class='ocrx_word' id='word_1_62' title='bbox 854 1699 1090 1776; x_wconf 87' lang='lat' dir='ltr'>auctoritatem,</span> <span class='ocrx_word' id='word_1_63' title='bbox 1114 1706 1149 1759; x_wconf 90' lang='lat' dir='ltr'>ut</span> <span class='ocrx_word' id='word_1_64' title='bbox 1172 1696 1317 1760; x_wconf 91' lang='lat' dir='ltr'>ubicum-</span> 
     </span>
     <span class='ocr_line' id='line_1_12' title="bbox 195 1798 1318 1886; baseline -0.001 -24"><span class='ocrx_word' id='word_1_65' title='bbox 195 1821 258 1886; x_wconf 91' lang='lat' dir='ltr'>que</span> <span class='ocrx_word' id='word_1_66' title='bbox 281 1801 316 1863; x_wconf 91' lang='lat' dir='ltr'>in</span> <span class='ocrx_word' id='word_1_67' title='bbox 339 1799 450 1864; x_wconf 88' lang='lat' dir='ltr'>codice</span> <span class='ocrx_word' id='word_1_68' title='bbox 470 1800 687 1885; x_wconf 90' lang='lat' dir='ltr'>Neapolitano</span> <span class='ocrx_word' id='word_1_69' title='bbox 710 1800 762 1864; x_wconf 91' lang='lat' dir='ltr'>vel</span> <span class='ocrx_word' id='word_1_70' title='bbox 787 1800 942 1864; x_wconf 83' lang='lat' dir='ltr'>dimidiae</span> <span class='ocrx_word' id='word_1_71' title='bbox 964 1821 1118 1863; x_wconf 89' lang='lat' dir='ltr'>versuum</span> <span class='ocrx_word' id='word_1_72' title='bbox 1141 1807 1250 1883; x_wconf 88' lang='lat' dir='ltr'>partes</span> <span class='ocrx_word' id='word_1_73' title='bbox 1264 1798 1318 1861; x_wconf 89' lang='lat' dir='ltr'>vel</span> 
     </span>
     <span class='ocr_line' id='line_1_13' title="bbox 194 1893 1318 1988; baseline -0.002 -22"><span class='ocrx_word' id='word_1_74' title='bbox 194 1904 252 1966; x_wconf 90' lang='lat' dir='ltr'>toti</span> <span class='ocrx_word' id='word_1_75' title='bbox 292 1924 404 1966; x_wconf 90' lang='lat' dir='ltr'>versus</span> <span class='ocrx_word' id='word_1_76' title='bbox 446 1903 552 1968; x_wconf 82' lang='lat' dir='ltr'>desint</span> <span class='ocrx_word' id='word_1_77' title='bbox 584 1893 737 1988; x_wconf 88' lang='lat' dir='ltr'>legantur</span> <span class='ocrx_word' id='word_1_78' title='bbox 771 1905 805 1966; x_wconf 93' lang='lat' dir='ltr'>in</span> <span class='ocrx_word' id='word_1_79' title='bbox 850 1903 1063 1986; x_wconf 83' lang='lat' dir='ltr'>Groningano</span> <span class='ocrx_word' id='word_1_80' title='bbox 1100 1899 1147 1963; x_wconf 91' lang='lat' dir='ltr'>ibi</span> <span class='ocrx_word' id='word_1_81' title='bbox 1184 1900 1219 1962; x_wconf 92' lang='lat' dir='ltr'>in</span> <span class='ocrx_word' id='word_1_82' title='bbox 1255 1900 1318 1964; x_wconf 90' lang='lat' dir='ltr'>hoc</span> 
     </span>
     <span class='ocr_line' id='line_1_14' title="bbox 195 2002 1370 2092; baseline -0.001 -25"><span class='ocrx_word' id='word_1_83' title='bbox 195 2005 435 2088; x_wconf 81' lang='lat' dir='ltr'>agnoscendam</span> <span class='ocrx_word' id='word_1_84' title='bbox 463 2028 534 2069; x_wconf 93' lang='lat' dir='ltr'>esse</span> <span class='ocrx_word' id='word_1_85' title='bbox 561 2027 694 2068; x_wconf 89' lang='lat' dir='ltr'>manum</span> <span class='ocrx_word' id='word_1_86' title='bbox 716 2005 993 2092; x_wconf 82' lang='lat' dir='ltr'>interpolatricem</span> <span class='ocrx_word' id='word_1_87' title='bbox 1017 2002 1189 2067; x_wconf 85' lang='lat' dir='ltr'>ostendere</span> <span class='ocrx_word' id='word_1_88' title='bbox 1212 2003 1318 2066; x_wconf 91' lang='lat' dir='ltr'>stude·</span> <span class='ocrx_word' id='word_1_89' title='bbox 1368 2029 1370 2033; x_wconf 66' lang='grc'>’</span> 
     </span>
     <span class='ocr_line' id='line_1_15' title="bbox 194 2105 1319 2192; baseline -0.001 -22"><span class='ocrx_word' id='word_1_90' title='bbox 194 2116 236 2187; x_wconf 79' lang='lat' dir='ltr'>at,</span> <span class='ocrx_word' id='word_1_91' title='bbox 260 2129 313 2170; x_wconf 90' lang='lat' dir='ltr'>eas</span> <span class='ocrx_word' id='word_1_92' title='bbox 337 2115 444 2170; x_wconf 89' lang='lat' dir='ltr'>autem</span> <span class='ocrx_word' id='word_1_93' title='bbox 468 2108 632 2187; x_wconf 82' lang='lat' dir='ltr'>lectiones,</span> <span class='ocrx_word' id='word_1_94' title='bbox 656 2109 775 2192; x_wconf 87' lang='lat' dir='ltr'>quibus</span> <span class='ocrx_word' id='word_1_95' title='bbox 791 2107 920 2171; x_wconf 88' lang='lat' dir='ltr'>Keilius</span> <span class='ocrx_word' id='word_1_96' title='bbox 936 2105 1068 2191; x_wconf 89' lang='lat' dir='ltr'>probari</span> <span class='ocrx_word' id='word_1_97' title='bbox 1083 2105 1319 2170; x_wconf 85' lang='lat' dir='ltr'>existimaverit</span> 
     </span>
     <span class='ocr_line' id='line_1_16' title="bbox 194 2199 1317 2295; baseline -0.002 -23"><span class='ocrx_word' id='word_1_98' title='bbox 194 2209 269 2273; x_wconf 91' lang='lat' dir='ltr'>libri</span> <span class='ocrx_word' id='word_1_99' title='bbox 299 2209 522 2293; x_wconf 82' lang='lat' dir='ltr'>Groningani,</span> <span class='ocrx_word' id='word_1_100' title='bbox 560 2231 643 2294; x_wconf 89' lang='lat' dir='ltr'>quae</span> <span class='ocrx_word' id='word_1_101' title='bbox 678 2210 719 2273; x_wconf 89' lang='lat' dir='ltr'>ad</span> <span class='ocrx_word' id='word_1_102' title='bbox 750 2213 865 2295; x_wconf 90' lang='lat' dir='ltr'>stipem</span> <span class='ocrx_word' id='word_1_103' title='bbox 903 2216 1041 2295; x_wconf 83' lang='lat' dir='ltr'>spectat,</span> <span class='ocrx_word' id='word_1_104' title='bbox 1076 2199 1317 2291; x_wconf 82' lang='lat' dir='ltr'>praestantiam,</span> 
     </span>
     <span class='ocr_line' id='line_1_17' title="bbox 194 2310 1317 2397; baseline -0.003 -22"><span class='ocrx_word' id='word_1_105' title='bbox 194 2335 300 2376; x_wconf 91' lang='lat' dir='ltr'>meras</span> <span class='ocrx_word' id='word_1_106' title='bbox 338 2334 407 2376; x_wconf 89' lang='lat' dir='ltr'>esse</span> <span class='ocrx_word' id='word_1_107' title='bbox 441 2312 645 2397; x_wconf 86' lang='lat' dir='ltr'>conjecturas</span> <span class='ocrx_word' id='word_1_108' title='bbox 678 2313 820 2376; x_wconf 89' lang='lat' dir='ltr'>virorum</span> <span class='ocrx_word' id='word_1_109' title='bbox 855 2310 1099 2374; x_wconf 89' lang='lat' dir='ltr'>emendantium</span> <span class='ocrx_word' id='word_1_110' title='bbox 1134 2310 1317 2374; x_wconf 89' lang='lat' dir='ltr'>contendat.</span> 
     </span>
     <span class='ocr_line' id='line_1_18' title="bbox 196 2412 1319 2501; baseline -0.004 -23"><span class='ocrx_word' id='word_1_111' title='bbox 196 2414 301 2494; x_wconf 81' lang='lat' dir='ltr'>Quam</span> <span class='ocrx_word' id='word_1_112' title='bbox 318 2437 463 2478; x_wconf 89' lang='lat' dir='ltr'>normam</span> <span class='ocrx_word' id='word_1_113' title='bbox 480 2436 541 2478; x_wconf 88' lang='lat' dir='ltr'>neo</span> <span class='ocrx_word' id='word_1_114' title='bbox 556 2413 860 2501; x_wconf 75' lang='lat' dir='ltr'>Eschenburgio**)</span> <span class='ocrx_word' id='word_1_115' title='bbox 876 2435 937 2477; x_wconf 91' lang='lat' dir='ltr'>nec</span> <span class='ocrx_word' id='word_1_116' title='bbox 952 2413 989 2476; x_wconf 92' lang='lat' dir='ltr'>L.</span> <span class='ocrx_word' id='word_1_117' title='bbox 1005 2412 1216 2499; x_wconf 78' lang='lat' dir='ltr'>Miillero***)</span> <span class='ocrx_word' id='word_1_118' title='bbox 1232 2435 1319 2496; x_wconf 89' lang='lat' dir='ltr'>pror-</span> 
     </span>
     <span class='ocr_line' id='line_1_19' title="bbox 195 2515 1319 2604; baseline -0.002 -24"><span class='ocrx_word' id='word_1_119' title='bbox 195 2540 249 2580; x_wconf 90' lang='lat' dir='ltr'>sus</span> <span class='ocrx_word' id='word_1_120' title='bbox 272 2518 442 2603; x_wconf 88' lang='lat' dir='ltr'>persuasit.</span> <span class='ocrx_word' id='word_1_121' title='bbox 487 2517 555 2581; x_wconf 89' lang='lat' dir='ltr'>Neo</span> <span class='ocrx_word' id='word_1_122' title='bbox 577 2528 663 2581; x_wconf 89' lang='lat' dir='ltr'>recte</span> <span class='ocrx_word' id='word_1_123' title='bbox 681 2520 848 2604; x_wconf 88' lang='lat' dir='ltr'>judicasse</span> <span class='ocrx_word' id='word_1_124' title='bbox 864 2516 1121 2581; x_wconf 89' lang='lat' dir='ltr'>Heimreiohium</span> <span class='ocrx_word' id='word_1_125' title='bbox 1138 2525 1175 2578; x_wconf 92' lang='lat' dir='ltr'>ut</span> <span class='ocrx_word' id='word_1_126' title='bbox 1189 2515 1319 2579; x_wconf 90' lang='lat' dir='ltr'>demon-</span> 
     </span>
     <span class='ocr_line' id='line_1_20' title="bbox 195 2617 1317 2706; baseline -0.002 -23"><span class='ocrx_word' id='word_1_127' title='bbox 195 2629 311 2685; x_wconf 88' lang='lat' dir='ltr'>straret</span> <span class='ocrx_word' id='word_1_128' title='bbox 340 2622 477 2704; x_wconf 88' lang='lat' dir='ltr'>contigit</span> <span class='ocrx_word' id='word_1_129' title='bbox 499 2620 686 2702; x_wconf 83' lang='lat' dir='ltr'>Grummi0‚</span> <span class='ocrx_word' id='word_1_130' title='bbox 718 2623 811 2706; x_wconf 86' lang='lat' dir='ltr'>cujus</span> <span class='ocrx_word' id='word_1_131' title='bbox 843 2620 882 2684; x_wconf 91' lang='lat' dir='ltr'>de</span> <span class='ocrx_word' id='word_1_132' title='bbox 913 2617 1080 2683; x_wconf 88' lang='lat' dir='ltr'>codicibus</span> <span class='ocrx_word' id='word_1_133' title='bbox 1103 2617 1317 2701; x_wconf 89' lang='lat' dir='ltr'>Neapolitano</span> 
     </span>
     <span class='ocr_line' id='line_1_21' title="bbox 195 2720 1317 2805; baseline 0 -19"><span class='ocrx_word' id='word_1_134' title='bbox 195 2732 226 2786; x_wconf 92' lang='lat' dir='ltr'>et</span> <span class='ocrx_word' id='word_1_135' title='bbox 249 2722 462 2805; x_wconf 84' lang='lat' dir='ltr'>Groningano</span> <span class='ocrx_word' id='word_1_136' title='bbox 494 2725 699 2805; x_wconf 87' lang='lat' dir='ltr'>quaestiones</span> <span class='ocrx_word' id='word_1_137' title='bbox 727 2746 769 2786; x_wconf 91' lang='lat' dir='ltr'>ne</span> <span class='ocrx_word' id='word_1_138' title='bbox 791 2729 1057 2785; x_wconf 88' lang='lat' dir='ltr'>commemoratas</span> <span class='ocrx_word' id='word_1_139' title='bbox 1080 2720 1212 2805; x_wconf 89' lang='lat' dir='ltr'>quidem</span> <span class='ocrx_word' id='word_1_140' title='bbox 1240 2721 1317 2787; x_wconf 89' lang='lat' dir='ltr'>aL.</span> 
     </span>
     <span class='ocr_line' id='line_1_22' title="bbox 195 2821 1319 2909; baseline -0.002 -22"><span class='ocrx_word' id='word_1_141' title='bbox 195 2825 334 2888; x_wconf 83' lang='lat' dir='ltr'>Miillero</span> <span class='ocrx_word' id='word_1_142' title='bbox 357 2825 457 2908; x_wconf 87' lang='lat' dir='ltr'>praef.</span> <span class='ocrx_word' id='word_1_143' title='bbox 481 2845 512 2885; x_wconf 89' lang='lat' dir='ltr'>v.</span> <span class='ocrx_word' id='word_1_144' title='bbox 529 2827 558 2890; x_wconf 87' lang='grc'>6.</span> <span class='ocrx_word' id='word_1_145' title='bbox 577 2846 647 2909; x_wconf 91' lang='lat' dir='ltr'>sqq.</span> <span class='ocrx_word' id='word_1_146' title='bbox 672 2826 813 2890; x_wconf 88' lang='lat' dir='ltr'>maxime</span> <span class='ocrx_word' id='word_1_147' title='bbox 837 2825 946 2887; x_wconf 90' lang='lat' dir='ltr'>miror.</span> <span class='ocrx_word' id='word_1_148' title='bbox 991 2823 1023 2886; x_wconf 90' lang='lat' dir='ltr'>Is</span> <span class='ocrx_word' id='word_1_149' title='bbox 1041 2823 1127 2885; x_wconf 93' lang='lat' dir='ltr'>enim</span> <span class='ocrx_word' id='word_1_150' title='bbox 1143 2821 1319 2886; x_wconf 86' lang='lat' dir='ltr'>lectionum</span> 
     </span>
     <span class='ocr_line' id='line_1_23' title="bbox 191 2925 1317 3013; baseline -0.002 -23"><span class='ocrx_word' id='word_1_151' title='bbox 191 2927 340 2990; x_wconf 91' lang='lat' dir='ltr'>omnium</span> <span class='ocrx_word' id='word_1_152' title='bbox 375 2925 601 3009; x_wconf 88' lang='lat' dir='ltr'>discrepantiis</span> <span class='ocrx_word' id='word_1_153' title='bbox 632 2949 715 3013; x_wconf 90' lang='lat' dir='ltr'>quae</span> <span class='ocrx_word' id='word_1_154' title='bbox 744 2929 778 2990; x_wconf 92' lang='lat' dir='ltr'>in</span> <span class='ocrx_word' id='word_1_155' title='bbox 801 2926 1018 3013; x_wconf 86' lang='lat' dir='ltr'>Neapolitano</span> <span class='ocrx_word' id='word_1_156' title='bbox 1048 2933 1080 2987; x_wconf 90' lang='lat' dir='ltr'>et</span> <span class='ocrx_word' id='word_1_157' title='bbox 1102 2925 1317 3009; x_wconf 78' lang='lat' dir='ltr'>Groningano</span> 
     </span>
     <span class='ocr_line' id='line_1_24' title="bbox 194 3025 1319 3111; baseline 0 -19"><span class='ocrx_word' id='word_1_158' title='bbox 194 3029 408 3092; x_wconf 86' lang='lat' dir='ltr'>inveniuntur</span> <span class='ocrx_word' id='word_1_159' title='bbox 430 3025 573 3090; x_wconf 88' lang='lat' dir='ltr'>collectis</span> <span class='ocrx_word' id='word_1_160' title='bbox 597 3030 684 3092; x_wconf 91' lang='lat' dir='ltr'>etin</span> <span class='ocrx_word' id='word_1_161' title='bbox 707 3028 854 3092; x_wconf 88' lang='lat' dir='ltr'>ordinem</span> <span class='ocrx_word' id='word_1_162' title='bbox 878 3029 1017 3091; x_wconf 89' lang='lat' dir='ltr'>redactis</span> <span class='ocrx_word' id='word_1_163' title='bbox 1040 3048 1077 3090; x_wconf 90' lang='lat' dir='ltr'>eo</span> <span class='ocrx_word' id='word_1_164' title='bbox 1100 3030 1259 3111; x_wconf 88' lang='lat' dir='ltr'>pervenit,</span> <span class='ocrx_word' id='word_1_165' title='bbox 1283 3038 1319 3092; x_wconf 91' lang='lat' dir='ltr'>ut</span> 
     </span>
     <span class='ocr_line' id='line_1_25' title="bbox 194 3128 1318 3217; baseline 0.001 -24"><span class='ocrx_word' id='word_1_166' title='bbox 194 3153 260 3194; x_wconf 93' lang='lat' dir='ltr'>non</span> <span class='ocrx_word' id='word_1_167' title='bbox 282 3131 438 3217; x_wconf 87' lang='lat' dir='ltr'>majorem</span> <span class='ocrx_word' id='word_1_168' title='bbox 462 3128 555 3192; x_wconf 90' lang='lat' dir='ltr'>alteri</span> <span class='ocrx_word' id='word_1_169' title='bbox 577 3129 695 3194; x_wconf 92' lang='lat' dir='ltr'>horum</span> <span class='ocrx_word' id='word_1_170' title='bbox 717 3130 867 3194; x_wconf 89' lang='lat' dir='ltr'>codicum</span> <span class='ocrx_word' id='word_1_171' title='bbox 890 3130 949 3193; x_wconf 89' lang='lat' dir='ltr'>scd</span> <span class='ocrx_word' id='word_1_172' title='bbox 971 3130 1032 3194; x_wconf 93' lang='lat' dir='ltr'>soli</span> <span class='ocrx_word' id='word_1_173' title='bbox 1048 3129 1152 3194; x_wconf 89' lang='lat' dir='ltr'>codici</span> <span class='ocrx_word' id='word_1_174' title='bbox 1167 3131 1318 3216; x_wconf 90' lang='lat' dir='ltr'>Neapoli-</span> 
     </span>
     <span class='ocr_line' id='line_1_26' title="bbox 194 3230 1318 3296; baseline 0.002 -2"><span class='ocrx_word' id='word_1_175' title='bbox 194 3243 271 3296; x_wconf 89' lang='lat' dir='ltr'>tano</span> <span class='ocrx_word' id='word_1_176' title='bbox 303 3230 510 3294; x_wconf 88' lang='lat' dir='ltr'>tribuendam</span> <span class='ocrx_word' id='word_1_177' title='bbox 544 3253 614 3295; x_wconf 87' lang='lat' dir='ltr'>esse</span> <span class='ocrx_word' id='word_1_178' title='bbox 647 3234 871 3296; x_wconf 89' lang='lat' dir='ltr'>auctoritatem</span> <span class='ocrx_word' id='word_1_179' title='bbox 905 3241 1069 3296; x_wconf 90' lang='lat' dir='ltr'>statueret.</span> <span class='ocrx_word' id='word_1_180' title='bbox 1119 3232 1245 3296; x_wconf 83' lang='lat' dir='ltr'>Tamen</span> <span class='ocrx_word' id='word_1_181' title='bbox 1277 3232 1318 3296; x_wconf 90' lang='lat' dir='ltr'>de</span> 
     </span>
     <span class='ocr_line' id='line_1_27' title="bbox 195 3332 1316 3418; baseline 0.002 -22"><span class='ocrx_word' id='word_1_182' title='bbox 195 3334 257 3396; x_wconf 91' lang='lat' dir='ltr'>hac</span> <span class='ocrx_word' id='word_1_183' title='bbox 279 3355 314 3396; x_wconf 90' lang='lat' dir='ltr'>re</span> <span class='ocrx_word' id='word_1_184' title='bbox 336 3353 467 3418; x_wconf 89' lang='lat' dir='ltr'>prorsus</span> <span class='ocrx_word' id='word_1_185' title='bbox 490 3332 584 3395; x_wconf 90' lang='lat' dir='ltr'>aliter</span> <span class='ocrx_word' id='word_1_186' title='bbox 606 3334 720 3396; x_wconf 80' lang='lat' dir='ltr'>sentio,</span> <span class='ocrx_word' id='word_1_187' title='bbox 756 3333 883 3397; x_wconf 82' lang='lat' dir='ltr'>Eodem</span> <span class='ocrx_word' id='word_1_188' title='bbox 903 3335 990 3397; x_wconf 92' lang='lat' dir='ltr'>enim</span> <span class='ocrx_word' id='word_1_189' title='bbox 1006 3356 1092 3397; x_wconf 90' lang='lat' dir='ltr'>anno</span> <span class='ocrx_word' id='word_1_190' title='bbox 1109 3334 1316 3398; x_wconf 82' lang='lat' dir='ltr'>Grammium</span> 
     </span>
     <span class='ocr_line' id='line_1_28' title="bbox 196 3433 1316 3522; baseline 0.004 -24"><span class='ocrx_word' id='word_1_191' title='bbox 196 3434 236 3498; x_wconf 92' lang='lat' dir='ltr'>de</span> <span class='ocrx_word' id='word_1_192' title='bbox 260 3434 374 3498; x_wconf 89' lang='lat' dir='ltr'>eadem</span> <span class='ocrx_word' id='word_1_193' title='bbox 391 3454 426 3495; x_wconf 91' lang='lat' dir='ltr'>re</span> <span class='ocrx_word' id='word_1_194' title='bbox 442 3433 607 3518; x_wconf 87' lang='lat' dir='ltr'>inquirere</span> <span class='ocrx_word' id='word_1_195' title='bbox 622 3444 659 3497; x_wconf 93' lang='lat' dir='ltr'>ut</span> <span class='ocrx_word' id='word_1_196' title='bbox 672 3435 803 3499; x_wconf 87' lang='lat' dir='ltr'>videtur</span> <span class='ocrx_word' id='word_1_197' title='bbox 818 3436 973 3518; x_wconf 86' lang='lat' dir='ltr'>ignorans</span> <span class='ocrx_word' id='word_1_198' title='bbox 987 3435 1185 3522; x_wconf 76' lang='lat' dir='ltr'>Littjohann.</span> <span class='ocrx_word' id='word_1_199' title='bbox 1203 3458 1316 3502; x_wconf 91' lang='lat' dir='ltr'>comm.</span> 
     </span>
     <span class='ocr_line' id='line_1_29' title="bbox 195 3536 1319 3623; baseline 0.001 -24"><span class='ocrx_word' id='word_1_200' title='bbox 195 3537 291 3622; x_wconf 90' lang='lat' dir='ltr'>Prop.</span> <span class='ocrx_word' id='word_1_201' title='bbox 322 3560 396 3621; x_wconf 85' lang='lat' dir='ltr'>pag.</span> <span class='ocrx_word' id='word_1_202' title='bbox 421 3538 448 3599; x_wconf 91' lang='lat'>1.</span> <span class='ocrx_word' id='word_1_203' title='bbox 472 3557 542 3622; x_wconf 87' lang='lat' dir='ltr'>sqq.</span> <span class='ocrx_word' id='word_1_204' title='bbox 571 3536 611 3600; x_wconf 91' lang='lat' dir='ltr'>de</span> <span class='ocrx_word' id='word_1_205' title='bbox 641 3537 791 3602; x_wconf 90' lang='lat' dir='ltr'>codicum</span> <span class='ocrx_word' id='word_1_206' title='bbox 821 3537 1091 3623; x_wconf 88' lang='lat' dir='ltr'>Neapolitani·et</span> <span class='ocrx_word' id='word_1_207' title='bbox 1112 3537 1319 3623; x_wconf 78' lang='lat' dir='ltr'>Groningani</span> 
     </span>
    </p>
   </div>
   <div class='ocr_carea' id='block_1_6' title="bbox 194 3739 1319 3981">
    <p class='ocr_par' dir='ltr' id='par_1_6' title="bbox 194 3739 1319 3981">
     <span class='ocr_line' id='line_1_30' title="bbox 263 3739 1319 3810; baseline 0.002 -17"><span class='ocrx_word' id='word_1_208' title='bbox 263 3740 290 3808; x_wconf 71' lang='lat' dir='ltr'>*J</span> <span class='ocrx_word' id='word_1_209' title='bbox 308 3741 467 3795; x_wconf 87' lang='lat' dir='ltr'>Lachmann</span> <span class='ocrx_word' id='word_1_210' title='bbox 492 3741 576 3810; x_wconf 87' lang='lat' dir='ltr'>praef.</span> <span class='ocrx_word' id='word_1_211' title='bbox 602 3739 643 3794; x_wconf 90' lang='lat' dir='ltr'>ed.</span> <span class='ocrx_word' id='word_1_212' title='bbox 662 3741 736 3808; x_wconf 89' lang='lat' dir='ltr'>Lips.</span> <span class='ocrx_word' id='word_1_213' title='bbox 760 3757 786 3810; x_wconf 91' lang='lat' dir='ltr'>p.</span> <span class='ocrx_word' id='word_1_214' title='bbox 804 3741 842 3794; x_wconf 88' lang='lat' dir='ltr'>IX</span> <span class='ocrx_word' id='word_1_215' title='bbox 861 3757 900 3810; x_wconf 88' lang='lat' dir='ltr'>sq.</span> <span class='ocrx_word' id='word_1_216' title='bbox 941 3741 1092 3809; x_wconf 86' lang='lat' dir='ltr'>Hertzberg</span> <span class='ocrx_word' id='word_1_217' title='bbox 1117 3757 1142 3808; x_wconf 88' lang='lat' dir='ltr'>q.</span> <span class='ocrx_word' id='word_1_218' title='bbox 1160 3743 1189 3794; x_wconf 92' lang='lat' dir='ltr'>P.</span> <span class='ocrx_word' id='word_1_219' title='bbox 1213 3759 1239 3810; x_wconf 93' lang='lat' dir='ltr'>p.</span> <span class='ocrx_word' id='word_1_220' title='bbox 1258 3743 1319 3796; x_wconf 80' lang='lat'>233.</span> 
     </span>
     <span class='ocr_line' id='line_1_31' title="bbox 195 3824 1317 3895; baseline 0.004 -16"><span class='ocrx_word' id='word_1_221' title='bbox 195 3825 280 3880; x_wconf 87' lang='lat' dir='ltr'>Jacob</span> <span class='ocrx_word' id='word_1_222' title='bbox 303 3826 366 3880; x_wconf 85' lang='lat' dir='ltr'>adn.</span> <span class='ocrx_word' id='word_1_223' title='bbox 384 3843 446 3895; x_wconf 87' lang='lat' dir='ltr'>pag.</span> <span class='ocrx_word' id='word_1_224' title='bbox 464 3827 523 3880; x_wconf 80' lang='lat'>155.</span> <span class='ocrx_word' id='word_1_225' title='bbox 546 3825 609 3879; x_wconf 87' lang='lat' dir='ltr'>Keil</span> <span class='ocrx_word' id='word_1_226' title='bbox 627 3824 684 3878; x_wconf 87' lang='lat' dir='ltr'>obs.</span> <span class='ocrx_word' id='word_1_227' title='bbox 703 3827 762 3878; x_wconf 90' lang='lat' dir='ltr'>crit.</span> <span class='ocrx_word' id='word_1_228' title='bbox 786 3828 866 3894; x_wconf 89' lang='lat' dir='ltr'>Prop.</span> <span class='ocrx_word' id='word_1_229' title='bbox 894 3826 982 3880; x_wconf 88' lang='lat' dir='ltr'>Bonn.</span> <span class='ocrx_word' id='word_1_230' title='bbox 1000 3826 1075 3878; x_wconf 87' lang='grc'>1848.</span> <span class='ocrx_word' id='word_1_231' title='bbox 1105 3826 1199 3895; x_wconf 88' lang='lat' dir='ltr'>Haupt</span> <span class='ocrx_word' id='word_1_232' title='bbox 1213 3828 1317 3883; x_wconf 87' lang='lat' dir='ltr'>duobus</span> 
     </span>
     <span class='ocr_line' id='line_1_32' title="bbox 194 3908 1079 3981; baseline -0.002 -16"><span class='ocrx_word' id='word_1_233' title='bbox 194 3927 283 3980; x_wconf 88' lang='lat' dir='ltr'>progr.</span> <span class='ocrx_word' id='word_1_234' title='bbox 301 3911 391 3965; x_wconf 89' lang='lat' dir='ltr'>Berol.</span> <span class='ocrx_word' id='word_1_235' title='bbox 410 3912 483 3964; x_wconf 84' lang='grc'>1854.</span> <span class='ocrx_word' id='word_1_236' title='bbox 502 3910 543 3964; x_wconf 84' lang='grc'>56.</span> <span class='ocrx_word' id='word_1_237' title='bbox 578 3908 745 3964; x_wconf 84' lang='lat' dir='ltr'>Heimreich.</span> <span class='ocrx_word' id='word_1_238' title='bbox 763 3915 867 3978; x_wconf 88' lang='lat' dir='ltr'>quaest.</span> <span class='ocrx_word' id='word_1_239' title='bbox 885 3913 963 3981; x_wconf 88' lang='lat' dir='ltr'>Prop.</span> <span class='ocrx_word' id='word_1_240' title='bbox 982 3928 1040 3980; x_wconf 89' lang='lat' dir='ltr'>cap.</span> <span class='ocrx_word' id='word_1_241' title='bbox 1058 3911 1079 3964; x_wconf 93' lang='grc' dir='ltr'>Ι.</span> 
     </span>
    </p>
   </div>
   <div class='ocr_carea' id='block_1_7' title="bbox 230 4013 1023 4186">
    <p class='ocr_par' dir='ltr' id='par_1_7' title="bbox 230 4013 1023 4186">
     <span class='ocr_line' id='line_1_33' title="bbox 246 4013 567 4082; baseline 0.003 -17"><span class='ocrx_word' id='word_1_242' title='bbox 246 4013 290 4082; x_wconf 82' lang='grc'>**)</span> <span class='ocrx_word' id='word_1_243' title='bbox 309 4013 364 4067; x_wconf 87' lang='lat' dir='ltr'>obs.</span> <span class='ocrx_word' id='word_1_244' title='bbox 383 4014 463 4082; x_wconf 90' lang='lat' dir='ltr'>Prop.</span> <span class='ocrx_word' id='word_1_245' title='bbox 480 4031 506 4082; x_wconf 93' lang='lat' dir='ltr'>p.</span> <span class='ocrx_word' id='word_1_246' title='bbox 525 4013 567 4066; x_wconf 82' lang='lat'>23.</span> 
     </span>
     <span class='ocr_line' id='line_1_34' title="bbox 230 4115 1023 4186; baseline 0.003 -19"><span class='ocrx_word' id='word_1_247' title='bbox 230 4115 292 4185; x_wconf 56' lang='lat' dir='ltr'>W)</span> <span class='ocrx_word' id='word_1_248' title='bbox 311 4115 478 4170; x_wconf 79' lang='lat' dir='ltr'>Fleckeiseni</span> <span class='ocrx_word' id='word_1_249' title='bbox 496 4133 559 4170; x_wconf 89' lang='lat' dir='ltr'>ann.</span> <span class='ocrx_word' id='word_1_250' title='bbox 577 4116 618 4170; x_wconf 86' lang='lat'>91.</span> <span class='ocrx_word' id='word_1_251' title='bbox 635 4133 662 4186; x_wconf 90' lang='lat' dir='ltr'>p.</span> <span class='ocrx_word' id='word_1_252' title='bbox 682 4116 729 4169; x_wconf 78' lang='lat'>781</span> <span class='ocrx_word' id='word_1_253' title='bbox 750 4119 778 4170; x_wconf 89' lang='lat' dir='ltr'>et</span> <span class='ocrx_word' id='word_1_254' title='bbox 794 4117 878 4186; x_wconf 87' lang='lat' dir='ltr'>praef.</span> <span class='ocrx_word' id='word_1_255' title='bbox 896 4117 938 4170; x_wconf 88' lang='lat' dir='ltr'>cd.</span> <span class='ocrx_word' id='word_1_256' title='bbox 954 4133 980 4185; x_wconf 91' lang='lat' dir='ltr'>p.</span> <span class='ocrx_word' id='word_1_257' title='bbox 999 4118 1023 4170; x_wconf 87' lang='grc'>6.</span> 
     </span>
    </p>
   </div>
   <div class='ocr_carea' id='block_1_8' title="bbox 0 0 1564 4746">
    <p class='ocr_par' dir='ltr' id='par_1_8' title="bbox 0 0 1564 4746">
     <span class='ocr_line' id='line_1_35' title="bbox 0 0 1564 4746; baseline 0 0"><span class='ocrx_word' id='word_1_258' title='bbox 0 0 1564 4746; x_wconf 95' lang='lat' dir='ltr'> </span> 
     </span>
    </p>
   </div>
  </div>
 </body>
</html>
