<?xml version="1.0" encoding="UTF-8"?>
<!DOCTYPE html PUBLIC "-//W3C//DTD XHTML 1.0 Transitional//EN"
    "http://www.w3.org/TR/xhtml1/DTD/xhtml1-transitional.dtd">
<html xmlns="http://www.w3.org/1999/xhtml" xml:lang="en" lang="en">
 <head>
  <title>
</title>
<meta http-equiv="Content-Type" content="text/html;charset=utf-8" />
  <meta name='ocr-system' content='tesseract 3.04.00' />
  <meta name='ocr-capabilities' content='ocr_page ocr_carea ocr_par ocr_line ocrx_word'/>
</head>
<body>
  <div class='ocr_page' id='page_1' title='image "./quaestionesprop00heydgoog_0026.png"; bbox 0 0 3116 4746; ppageno 0'>
   <div class='ocr_carea' id='block_1_1' title="bbox 698 323 740 386">
    <p class='ocr_par' dir='ltr' id='par_1_1' title="bbox 698 323 740 386">
     <span class='ocr_line' id='line_1_1' title="bbox 698 323 740 386; baseline 0 0"><span class='ocrx_word' id='word_1_1' title='bbox 698 323 740 386; x_wconf 82' lang='lat'>25</span> 
     </span>
    </p>
   </div>
   <div class='ocr_carea' id='block_1_2' title="bbox 68 503 1282 696">
    <p class='ocr_par' dir='ltr' id='par_1_2' title="bbox 68 503 1282 696">
     <span class='ocr_line' id='line_1_2' title="bbox 158 503 1282 597; baseline 0.002 -25"><span class='ocrx_word' id='word_1_2' title='bbox 158 530 176 572; x_wconf 86' lang='lat' dir='ltr'>a</span> <span class='ocrx_word' id='word_1_3' title='bbox 202 516 299 594; x_wconf 87' lang='lat' dir='ltr'>poeta</span> <span class='ocrx_word' id='word_1_4' title='bbox 327 532 455 575; x_wconf 88' lang='lat' dir='ltr'>summa</span> <span class='ocrx_word' id='word_1_5' title='bbox 477 503 688 574; x_wconf 80' lang='lat' dir='ltr'>¹veneratione</span> <span class='ocrx_word' id='word_1_6' title='bbox 716 509 878 575; x_wconf 87' lang='lat' dir='ltr'>celebrato</span> <span class='ocrx_word' id='word_1_7' title='bbox 907 509 1055 594; x_wconf 80' lang='lat' dir='ltr'>eogitari.</span> <span class='ocrx_word' id='word_1_8' title='bbox 1072 530 1169 597; x_wconf 88' lang='lat' dir='ltr'>posse</span> <span class='ocrx_word' id='word_1_9' title='bbox 1195 520 1282 575; x_wconf 89' lang='lat' dir='ltr'>recte</span> 
     </span>
     <span class='ocr_line' id='line_1_3' title="bbox 68 611 592 696; baseline 0.004 -23"><span class='ocrx_word' id='word_1_10' title='bbox 68 679 72 688; x_wconf 59' lang='grc'>,</span> <span class='ocrx_word' id='word_1_11' title='bbox 157 612 326 696; x_wconf 79' lang='lat' dir='ltr'><strong>perspexit</strong></span> <span class='ocrx_word' id='word_1_12' title='bbox 347 611 592 696; x_wconf 84' lang='lat' dir='ltr'>Hertzbergius.</span> 
     </span>
    </p>
   </div>
   <div class='ocr_carea' id='block_1_3' title="bbox 156 729 1288 2356">
    <p class='ocr_par' dir='ltr' id='par_1_3' title="bbox 156 729 1288 2356">
     <span class='ocr_line' id='line_1_4' title="bbox 220 729 1283 818; baseline -0.003 -20"><span class='ocrx_word' id='word_1_13' title='bbox 220 729 292 798; x_wconf 81' lang='lat' dir='ltr'>Sed·</span> <span class='ocrx_word' id='word_1_14' title='bbox 304 733 374 818; x_wconf 89' lang='lat' dir='ltr'>jam</span> <span class='ocrx_word' id='word_1_15' title='bbox 398 731 615 797; x_wconf 80' lang='lat' dir='ltr'><strong>concedamus</strong></span> <span class='ocrx_word' id='word_1_16' title='bbox 639 754 674 795; x_wconf 90' lang='lat' dir='ltr'>re</span> <span class='ocrx_word' id='word_1_17' title='bbox 696 753 774 795; x_wconf 87' lang='lat' dir='ltr'>vera</span> <span class='ocrx_word' id='word_1_18' title='bbox 789 731 848 795; x_wconf 89' lang='lat' dir='ltr'>illa</span> <span class='ocrx_word' id='word_1_19' title='bbox 863 751 922 794; x_wconf 85' lang='lat' dir='ltr'>sex</span> <span class='ocrx_word' id='word_1_20' title='bbox 938 729 1081 796; x_wconf 88' lang='lat' dir='ltr'>disticha</span> <span class='ocrx_word' id='word_1_21' title='bbox 1096 732 1137 796; x_wconf 92' lang='lat' dir='ltr'>ad</span> <span class='ocrx_word' id='word_1_22' title='bbox 1152 734 1283 818; x_wconf 86' lang='lat' dir='ltr'>Augus-</span> 
     </span>
     <span class='ocr_line' id='line_1_5' title="bbox 157 835 1284 921; baseline 0.004 -26"><span class='ocrx_word' id='word_1_23' title='bbox 157 842 226 895; x_wconf 87' lang='lat' dir='ltr'>tum</span> <span class='ocrx_word' id='word_1_24' title='bbox 239 835 362 918; x_wconf 85' lang='lat' dir='ltr'>scripta</span> <span class='ocrx_word' id='word_1_25' title='bbox 372 855 443 898; x_wconf 88' lang='lat' dir='ltr'>esse</span> <span class='ocrx_word' id='word_1_26' title='bbox 456 845 553 921; x_wconf 88' lang='lat' dir='ltr'>atque</span> <span class='ocrx_word' id='word_1_27' title='bbox 564 835 764 920; x_wconf 90' lang='lat' dir='ltr'>reliquorum</span> <span class='ocrx_word' id='word_1_28' title='bbox 778 841 1056 918; x_wconf 84' lang='lat' dir='ltr'>argumentorum,</span> <span class='ocrx_word' id='word_1_29' title='bbox 1076 856 1160 919; x_wconf 84' lang='lat' dir='ltr'>quae</span> <span class='ocrx_word' id='word_1_30' title='bbox 1172 835 1284 913; x_wconf 47' lang='lat' dir='ltr'>‚attulit</span> 
     </span>
     <span class='ocr_line' id='line_1_6' title="bbox 157 933 1283 1017; baseline 0.002 -19"><span class='ocrx_word' id='word_1_31' title='bbox 157 934 416 1017; x_wconf 86' lang='lat' dir='ltr'>Heimreichius,</span> <span class='ocrx_word' id='word_1_32' title='bbox 447 938 514 1000; x_wconf 89' lang='lat' dir='ltr'>vim</span> <span class='ocrx_word' id='word_1_33' title='bbox 545 947 697 1002; x_wconf 88' lang='lat' dir='ltr'>accurate</span> <span class='ocrx_word' id='word_1_34' title='bbox 727 937 964 999; x_wconf 88' lang='lat' dir='ltr'>examinemus.</span> <span class='ocrx_word' id='word_1_35' title='bbox 1014 933 1055 999; x_wconf 90' lang='lat' dir='ltr'>Id</span> <span class='ocrx_word' id='word_1_36' title='bbox 1085 959 1163 1002; x_wconf 89' lang='lat' dir='ltr'>vero</span> <span class='ocrx_word' id='word_1_37' title='bbox 1197 946 1283 1001; x_wconf 90' lang='lat' dir='ltr'>recte</span> 
     </span>
     <span class='ocr_line' id='line_1_7' title="bbox 156 1025 1283 1125; baseline 0.001 -24"><span class='ocrx_word' id='word_1_38' title='bbox 156 1041 284 1102; x_wconf 89' lang='lat' dir='ltr'>monuit</span> <span class='ocrx_word' id='word_1_39' title='bbox 305 1061 348 1103; x_wconf 89' lang='lat' dir='ltr'>ex</span> <span class='ocrx_word' id='word_1_40' title='bbox 369 1061 488 1125; x_wconf 87' lang='lat' dir='ltr'>magno</span> <span class='ocrx_word' id='word_1_41' title='bbox 512 1040 690 1125; x_wconf 82' lang='lat' dir='ltr'>elegiarum</span> <span class='ocrx_word' id='word_1_42' title='bbox 714 1038 1000 1125; x_wconf 88' lang='lat' dir='ltr'>Propertianarum</span> <span class='ocrx_word' id='word_1_43' title='bbox 1024 1025 1160 1103; x_wconf 83' lang='lat' dir='ltr'>nurnero</span> <span class='ocrx_word' id='word_1_44' title='bbox 1184 1062 1283 1102; x_wconf 88' lang='lat' dir='ltr'>unam</span> 
     </span>
     <span class='ocr_line' id='line_1_8' title="bbox 158 1139 1280 1226; baseline 0.001 -22"><span class='ocrx_word' id='word_1_45' title='bbox 158 1161 229 1204; x_wconf 88' lang='lat' dir='ltr'>esse</span> <span class='ocrx_word' id='word_1_46' title='bbox 244 1140 286 1204; x_wconf 90' lang='lat' dir='ltr'>ad</span> <span class='ocrx_word' id='word_1_47' title='bbox 300 1143 488 1226; x_wconf 88' lang='lat' dir='ltr'>Augustum</span> <span class='ocrx_word' id='word_1_48' title='bbox 505 1143 637 1206; x_wconf 87' lang='lat' dir='ltr'>missam</span> <span class='ocrx_word' id='word_1_49' title='bbox 645 1142 687 1226; x_wconf 84' lang='lat'>*).</span> <span class='ocrx_word' id='word_1_50' title='bbox 734 1141 807 1206; x_wconf 90' lang='lat' dir='ltr'>Uno</span> <span class='ocrx_word' id='word_1_51' title='bbox 823 1150 931 1204; x_wconf 87' lang='lat' dir='ltr'>autern</span> <span class='ocrx_word' id='word_1_52' title='bbox 946 1139 1005 1203; x_wconf 93' lang='lat' dir='ltr'>illo</span> <span class='ocrx_word' id='word_1_53' title='bbox 1021 1143 1165 1205; x_wconf 91' lang='lat' dir='ltr'>carmine</span> <span class='ocrx_word' id='word_1_54' title='bbox 1181 1141 1240 1221; x_wconf 90' lang='lat' dir='ltr'>Ill,</span> <span class='ocrx_word' id='word_1_55' title='bbox 1265 1143 1280 1206; x_wconf 94' lang='lat'>1</span> 
     </span>
     <span class='ocr_line' id='line_1_9' title="bbox 157 1240 1284 1330; baseline -0.001 -24"><span class='ocrx_word' id='word_1_56' title='bbox 157 1254 256 1326; x_wconf 90' lang='lat' dir='ltr'>poeta</span> <span class='ocrx_word' id='word_1_57' title='bbox 275 1245 436 1330; x_wconf 88' lang='lat' dir='ltr'>promittit</span> <span class='ocrx_word' id='word_1_58' title='bbox 457 1267 557 1326; x_wconf 90' lang='lat' dir='ltr'>nunc,</span> <span class='ocrx_word' id='word_1_59' title='bbox 580 1268 655 1310; x_wconf 89' lang='lat' dir='ltr'>cum</span> <span class='ocrx_word' id='word_1_60' title='bbox 678 1257 807 1329; x_wconf 88' lang='lat' dir='ltr'>tempus</span> <span class='ocrx_word' id='word_1_61' title='bbox 830 1244 874 1307; x_wconf 89' lang='lat' dir='ltr'>sit</span> <span class='ocrx_word' id='word_1_62' title='bbox 895 1242 968 1306; x_wconf 91' lang='lat' dir='ltr'>aliis</span> <span class='ocrx_word' id='word_1_63' title='bbox 981 1243 1142 1310; x_wconf 80' lang='lat' dir='ltr'>Helicona</span> <span class='ocrx_word' id='word_1_64' title='bbox 1157 1240 1284 1306; x_wconf 81' lang='lat' dir='ltr'>choreis</span> 
     </span>
     <span class='ocr_line' id='line_1_10' title="bbox 157 1344 1285 1432; baseline -0.002 -22"><span class='ocrx_word' id='word_1_65' title='bbox 157 1345 308 1426; x_wconf 86' lang='lat' dir='ltr'>lustrare,</span> <span class='ocrx_word' id='word_1_66' title='bbox 338 1369 372 1412; x_wconf 86' lang='lat' dir='ltr'>se</span> <span class='ocrx_word' id='word_1_67' title='bbox 402 1346 564 1423; x_wconf 81' lang='lat' dir='ltr'>dicturum</span> <span class='ocrx_word' id='word_1_68' title='bbox 594 1370 666 1412; x_wconf 89' lang='lat' dir='ltr'>esse</span> <span class='ocrx_word' id='word_1_69' title='bbox 687 1347 836 1411; x_wconf 87' lang='lat' dir='ltr'>Romana</span> <span class='ocrx_word' id='word_1_70' title='bbox 864 1347 915 1408; x_wconf 89' lang='lat' dir='ltr'>sui</span> <span class='ocrx_word' id='word_1_71' title='bbox 937 1344 1030 1410; x_wconf 91' lang='lat' dir='ltr'>ducis</span> <span class='ocrx_word' id='word_1_72' title='bbox 1054 1355 1160 1410; x_wconf 88' lang='lat' dir='ltr'>castra</span> <span class='ocrx_word' id='word_1_73' title='bbox 1181 1367 1285 1432; x_wconf 87' lang='lat' dir='ltr'>eaque</span> 
     </span>
     <span class='ocr_line' id='line_1_11' title="bbox 156 1448 1285 1536; baseline 0 -24"><span class='ocrx_word' id='word_1_74' title='bbox 156 1458 346 1513; x_wconf 89' lang='lat' dir='ltr'>secuturum</span> <span class='ocrx_word' id='word_1_75' title='bbox 381 1448 422 1512; x_wconf 87' lang='lat' dir='ltr'>ad</span> <span class='ocrx_word' id='word_1_76' title='bbox 456 1449 587 1514; x_wconf 90' lang='lat' dir='ltr'>ultimos</span> <span class='ocrx_word' id='word_1_77' title='bbox 615 1450 714 1514; x_wconf 88' lang='lat' dir='ltr'>indos</span> <span class='ocrx_word' id='word_1_78' title='bbox 738 1452 782 1536; x_wconf 83' lang='lat' dir='ltr'>(v.</span> <span class='ocrx_word' id='word_1_79' title='bbox 812 1449 958 1533; x_wconf 77' lang='lat'>1.-‘20.).</span> <span class='ocrx_word' id='word_1_80' title='bbox 1003 1449 1079 1513; x_wconf 85' lang='lat' dir='ltr'>Jam</span> <span class='ocrx_word' id='word_1_81' title='bbox 1110 1469 1194 1534; x_wconf 87' lang='lat' dir='ltr'>quae</span> <span class='ocrx_word' id='word_1_82' title='bbox 1222 1449 1285 1512; x_wconf 84' lang='lat' dir='ltr'>tria</span> 
     </span>
     <span class='ocr_line' id='line_1_12' title="bbox 156 1550 1285 1637; baseline 0.001 -23"><span class='ocrx_word' id='word_1_83' title='bbox 156 1550 298 1615; x_wconf 87' lang='lat' dir='ltr'>disticha</span> <span class='ocrx_word' id='word_1_84' title='bbox 327 1559 493 1632; x_wconf 79' lang='lat' dir='ltr'>secuntur,</span> <span class='ocrx_word' id='word_1_85' title='bbox 529 1553 590 1616; x_wconf 91' lang='lat' dir='ltr'>hoc</span> <span class='ocrx_word' id='word_1_86' title='bbox 614 1553 684 1616; x_wconf 92' lang='lat' dir='ltr'>loco</span> <span class='ocrx_word' id='word_1_87' title='bbox 707 1553 813 1636; x_wconf 87' lang='lat' dir='ltr'>posita</span> <span class='ocrx_word' id='word_1_88' title='bbox 835 1573 983 1637; x_wconf 87' lang='lat' dir='ltr'>pugnare</span> <span class='ocrx_word' id='word_1_89' title='bbox 1006 1573 1079 1615; x_wconf 89' lang='lat' dir='ltr'>cum</span> <span class='ocrx_word' id='word_1_90' title='bbox 1103 1573 1192 1615; x_wconf 87' lang='lat' dir='ltr'>nexu</span> <span class='ocrx_word' id='word_1_91' title='bbox 1215 1573 1285 1615; x_wconf 87' lang='lat' dir='ltr'>sen·</span> 
     </span>
     <span class='ocr_line' id='line_1_13' title="bbox 156 1652 1286 1740; baseline 0.001 -24"><span class='ocrx_word' id='word_1_92' title='bbox 156 1654 333 1718; x_wconf 89' lang='lat' dir='ltr'>tentiarum</span> <span class='ocrx_word' id='word_1_93' title='bbox 355 1654 548 1740; x_wconf 84' lang='lat' dir='ltr'>intellegere</span> <span class='ocrx_word' id='word_1_94' title='bbox 573 1655 638 1720; x_wconf 86' lang='lat' dir='ltr'>sibi</span> <span class='ocrx_word' id='word_1_95' title='bbox 662 1655 752 1718; x_wconf 86' lang='lat' dir='ltr'>visus</span> <span class='ocrx_word' id='word_1_96' title='bbox 776 1661 824 1717; x_wconf 89' lang='lat' dir='ltr'>cst</span> <span class='ocrx_word' id='word_1_97' title='bbox 845 1652 1100 1719; x_wconf 87' lang='lat' dir='ltr'>Heimreichins.</span> <span class='ocrx_word' id='word_1_98' title='bbox 1142 1653 1227 1718; x_wconf 91' lang='lat' dir='ltr'>Nam</span> <span class='ocrx_word' id='word_1_99' title='bbox 1250 1663 1286 1717; x_wconf 90' lang='lat' dir='ltr'>ut</span> 
     </span>
     <span class='ocr_line' id='line_1_14' title="bbox 156 1754 1285 1844; baseline 0.001 -26"><span class='ocrx_word' id='word_1_100' title='bbox 156 1757 262 1840; x_wconf 87' lang='lat' dir='ltr'>ipsius</span> <span class='ocrx_word' id='word_1_101' title='bbox 286 1755 397 1821; x_wconf 86' lang='lat' dir='ltr'>verbis</span> <span class='ocrx_word' id='word_1_102' title='bbox 421 1767 494 1822; x_wconf 86' lang='lat' dir='ltr'>utar</span> <span class='ocrx_word' id='word_1_103' title='bbox 514 1757 593 1843; x_wconf 90' lang='lat' dir='ltr'>„qui</span> <span class='ocrx_word' id='word_1_104' title='bbox 616 1779 674 1844; x_wconf 91' lang='lat' dir='ltr'>per</span> <span class='ocrx_word' id='word_1_105' title='bbox 696 1768 800 1822; x_wconf 89' lang='lat' dir='ltr'>totum</span> <span class='ocrx_word' id='word_1_106' title='bbox 829 1776 961 1819; x_wconf 87' lang='lat' dir='ltr'>carmen</span> <span class='ocrx_word' id='word_1_107' title='bbox 984 1754 1031 1817; x_wconf 94' lang='lat' dir='ltr'>nil</span> <span class='ocrx_word' id='word_1_108' title='bbox 1053 1755 1117 1819; x_wconf 91' lang='lat' dir='ltr'>nisi</span> <span class='ocrx_word' id='word_1_109' title='bbox 1140 1778 1229 1819; x_wconf 88' lang='lat' dir='ltr'>nunc</span> <span class='ocrx_word' id='word_1_110' title='bbox 1251 1777 1285 1820; x_wconf 89' lang='lat' dir='ltr'>se</span> 
     </span>
     <span class='ocr_line' id='line_1_15' title="bbox 157 1856 1287 1946; baseline 0.001 -25"><span class='ocrx_word' id='word_1_111' title='bbox 157 1858 292 1923; x_wconf 87' lang='lat' dir='ltr'>heroica</span> <span class='ocrx_word' id='word_1_112' title='bbox 318 1862 476 1934; x_wconf 85' lang='lat' dir='ltr'>carmina¹</span> <span class='ocrx_word' id='word_1_113' title='bbox 495 1861 750 1946; x_wconf 89' lang='lat' dir='ltr'>compositurum</span> <span class='ocrx_word' id='word_1_114' title='bbox 775 1881 845 1923; x_wconf 89' lang='lat' dir='ltr'>esse</span> <span class='ocrx_word' id='word_1_115' title='bbox 868 1879 987 1941; x_wconf 88' lang='lat' dir='ltr'>magno</span> <span class='ocrx_word' id='word_1_116' title='bbox 1011 1878 1065 1921; x_wconf 92' lang='lat' dir='ltr'>ore</span> <span class='ocrx_word' id='word_1_117' title='bbox 1088 1856 1287 1922; x_wconf 88' lang='lat' dir='ltr'>clamaverat</span> 
     </span>
     <span class='ocr_line' id='line_1_16' title="bbox 158 1959 1284 2050; baseline 0.002 -27"><span class='ocrx_word' id='word_1_118' title='bbox 158 1959 247 2024; x_wconf 89' lang='lat' dir='ltr'>idem</span> <span class='ocrx_word' id='word_1_119' title='bbox 270 1960 378 2027; x_wconf 89' lang='lat' dir='ltr'>subito</span> <span class='ocrx_word' id='word_1_120' title='bbox 401 1964 495 2050; x_wconf 91' lang='lat' dir='ltr'>inops</span> <span class='ocrx_word' id='word_1_121' title='bbox 519 1973 571 2029; x_wconf 88' lang='lat' dir='ltr'>est</span> <span class='ocrx_word' id='word_1_122' title='bbox 587 1963 695 2027; x_wconf 88' lang='lat' dir='ltr'>laudis</span> <span class='ocrx_word' id='word_1_123' title='bbox 719 1960 939 2027; x_wconf 76' lang='lat' dir='ltr'>conscendere</span> <span class='ocrx_word' id='word_1_124' title='bbox 962 1981 1093 2024; x_wconf 87' lang='lat' dir='ltr'>carmen</span> <span class='ocrx_word' id='word_1_125' title='bbox 1117 1969 1149 2024; x_wconf 91' lang='lat' dir='ltr'>et</span> <span class='ocrx_word' id='word_1_126' title='bbox 1168 1982 1284 2025; x_wconf 87' lang='lat' dir='ltr'>canere</span> 
     </span>
     <span class='ocr_line' id='line_1_17' title="bbox 159 2061 1287 2152; baseline 0.002 -26"><span class='ocrx_word' id='word_1_127' title='bbox 159 2086 212 2127; x_wconf 86' lang='lat' dir='ltr'>res</span> <span class='ocrx_word' id='word_1_128' title='bbox 239 2069 382 2149; x_wconf 86' lang='lat' dir='ltr'>gestas.“</span> <span class='ocrx_word' id='word_1_129' title='bbox 427 2064 542 2150; x_wconf 87' lang='lat' dir='ltr'>Neque</span> <span class='ocrx_word' id='word_1_130' title='bbox 572 2088 650 2130; x_wconf 90' lang='lat' dir='ltr'>vero</span> <span class='ocrx_word' id='word_1_131' title='bbox 674 2067 735 2129; x_wconf 86' lang='lat' dir='ltr'>erit</span> <span class='ocrx_word' id='word_1_132' title='bbox 757 2065 814 2152; x_wconf 91' lang='lat' dir='ltr'>qui</span> <span class='ocrx_word' id='word_1_133' title='bbox 837 2064 922 2128; x_wconf 89' lang='lat' dir='ltr'>hanc</span> <span class='ocrx_word' id='word_1_134' title='bbox 945 2061 1169 2126; x_wconf 86' lang='lat' dir='ltr'>difficultatem</span> <span class='ocrx_word' id='word_1_135' title='bbox 1192 2063 1287 2129; x_wconf 92' lang='lat' dir='ltr'>tollat</span> 
     </span>
     <span class='ocr_line' id='line_1_18' title="bbox 159 2165 1288 2252; baseline 0.003 -24"><span class='ocrx_word' id='word_1_136' title='bbox 159 2188 316 2230; x_wconf 89' lang='lat' dir='ltr'>versuum</span> <span class='ocrx_word' id='word_1_137' title='bbox 345 2169 384 2233; x_wconf 82' lang='lat'>21</span> <span class='ocrx_word' id='word_1_138' title='bbox 409 2189 457 2252; x_wconf 87' lang='lat' dir='ltr'>sq.</span> <span class='ocrx_word' id='word_1_139' title='bbox 488 2165 550 2230; x_wconf 87' lang='lat' dir='ltr'>hac</span> <span class='ocrx_word' id='word_1_140' title='bbox 572 2169 857 2251; x_wconf 79' lang='lat' dir='ltr'>interpretatione:</span> <span class='ocrx_word' id='word_1_141' title='bbox 887 2175 978 2231; x_wconf 87' lang='lat' dir='ltr'>tanta</span> <span class='ocrx_word' id='word_1_142' title='bbox 1000 2188 1089 2229; x_wconf 90' lang='lat' dir='ltr'>nunc</span> <span class='ocrx_word' id='word_1_143' title='bbox 1112 2176 1160 2231; x_wconf 90' lang='lat' dir='ltr'>est</span> <span class='ocrx_word' id='word_1_144' title='bbox 1181 2167 1288 2252; x_wconf 84' lang='lat' dir='ltr'>gloria</span> 
     </span>
     <span class='ocr_line' id='line_1_19' title="bbox 157 2268 1286 2356; baseline 0.002 -25"><span class='ocrx_word' id='word_1_145' title='bbox 157 2269 367 2354; x_wconf 86' lang='lat' dir='ltr'>imperatoris</span> <span class='ocrx_word' id='word_1_146' title='bbox 391 2279 427 2334; x_wconf 92' lang='lat' dir='ltr'>ut</span> <span class='ocrx_word' id='word_1_147' title='bbox 447 2268 557 2334; x_wconf 88' lang='lat' dir='ltr'>verbis</span> <span class='ocrx_word' id='word_1_148' title='bbox 581 2270 658 2332; x_wconf 88' lang='lat' dir='ltr'>satis</span> <span class='ocrx_word' id='word_1_149' title='bbox 682 2269 841 2332; x_wconf 87' lang='lat' dir='ltr'>celebrari</span> <span class='ocrx_word' id='word_1_150' title='bbox 864 2270 922 2332; x_wconf 88' lang='lat' dir='ltr'>vix</span> <span class='ocrx_word' id='word_1_151' title='bbox 944 2271 1056 2356; x_wconf 83' lang='lat' dir='ltr'>possit.</span> <span class='ocrx_word' id='word_1_152' title='bbox 1100 2269 1184 2334; x_wconf 90' lang='lat' dir='ltr'>Nam</span> <span class='ocrx_word' id='word_1_153' title='bbox 1200 2269 1286 2352; x_wconf 88' lang='lat' dir='ltr'>vide,</span> 
     </span>
    </p>
   </div>
   <div class='ocr_carea' id='block_1_4' title="bbox 161 2361 1290 2767">
    <p class='ocr_par' dir='ltr' id='par_1_4' title="bbox 161 2361 1290 2767">
     <span class='ocr_line' id='line_1_20' title="bbox 162 2361 1286 2458; baseline 0.002 -24"><span class='ocrx_word' id='word_1_154' title='bbox 162 2380 283 2457; x_wconf 88' lang='lat' dir='ltr'>quanto</span> <span class='ocrx_word' id='word_1_155' title='bbox 318 2393 373 2436; x_wconf 89' lang='lat' dir='ltr'>ore</span> <span class='ocrx_word' id='word_1_156' title='bbox 407 2373 538 2458; x_wconf 88' lang='lat' dir='ltr'>quantis</span> <span class='ocrx_word' id='word_1_157' title='bbox 562 2361 767 2456; x_wconf 54' lang='lat' dir='ltr'>&#39;ambagibus</span> <span class='ocrx_word' id='word_1_158' title='bbox 800 2381 973 2436; x_wconf 82' lang='lat' dir='ltr'>cantorum</span> <span class='ocrx_word' id='word_1_159' title='bbox 1003 2394 1038 2436; x_wconf 89' lang='lat' dir='ltr'>se</span> <span class='ocrx_word' id='word_1_160' title='bbox 1068 2393 1136 2436; x_wconf 89' lang='lat' dir='ltr'>esse</span> <span class='ocrx_word' id='word_1_161' title='bbox 1167 2394 1218 2435; x_wconf 90' lang='lat' dir='ltr'>res</span> <span class='ocrx_word' id='word_1_162' title='bbox 1245 2373 1286 2436; x_wconf 94' lang='lat' dir='ltr'>ab</span> 
     </span>
     <span class='ocr_line' id='line_1_21' title="bbox 162 2473 1290 2562; baseline 0.002 -27"><span class='ocrx_word' id='word_1_163' title='bbox 162 2474 314 2558; x_wconf 86' lang='lat' dir='ltr'>Augusto</span> <span class='ocrx_word' id='word_1_164' title='bbox 338 2484 446 2558; x_wconf 86' lang='lat' dir='ltr'>gestas</span> <span class='ocrx_word' id='word_1_165' title='bbox 468 2475 629 2556; x_wconf 83' lang='lat' dir='ltr'>versibus,</span> <span class='ocrx_word' id='word_1_166' title='bbox 652 2476 709 2562; x_wconf 91' lang='lat' dir='ltr'>qui</span> <span class='ocrx_word' id='word_1_167' title='bbox 732 2475 940 2556; x_wconf 87' lang='lat' dir='ltr'>antecedunt,</span> <span class='ocrx_word' id='word_1_168' title='bbox 967 2475 1162 2559; x_wconf 84' lang='lat' dir='ltr'>exposuerit.</span> <span class='ocrx_word' id='word_1_169' title='bbox 1206 2473 1290 2538; x_wconf 89' lang='lat' dir='ltr'>Mihi</span> 
     </span>
     <span class='ocr_line' id='line_1_22' title="bbox 162 2574 1289 2665; baseline 0.001 -26"><span class='ocrx_word' id='word_1_170' title='bbox 162 2574 295 2663; x_wconf 87' lang='lat' dir='ltr'>quidem</span> <span class='ocrx_word' id='word_1_171' title='bbox 325 2575 407 2641; x_wconf 88' lang='lat' dir='ltr'>haec</span> <span class='ocrx_word' id='word_1_172' title='bbox 429 2599 487 2642; x_wconf 88' lang='lat' dir='ltr'>sex</span> <span class='ocrx_word' id='word_1_173' title='bbox 511 2576 653 2642; x_wconf 87' lang='lat' dir='ltr'>disticha</span> <span class='ocrx_word' id='word_1_174' title='bbox 675 2579 797 2663; x_wconf 87' lang='lat' dir='ltr'>legenti</span> <span class='ocrx_word' id='word_1_175' title='bbox 826 2576 945 2665; x_wconf 92' lang='lat' dir='ltr'>quibus</span> <span class='ocrx_word' id='word_1_176' title='bbox 967 2578 1080 2640; x_wconf 90' lang='lat' dir='ltr'>finitur</span> <span class='ocrx_word' id='word_1_177' title='bbox 1104 2576 1210 2662; x_wconf 87' lang='lat' dir='ltr'>elegia</span> <span class='ocrx_word' id='word_1_178' title='bbox 1231 2578 1289 2640; x_wconf 90' lang='lat' dir='ltr'>im-</span> 
     </span>
     <span class='ocr_line' id='line_1_23' title="bbox 161 2680 1287 2767; baseline 0.002 -25"><span class='ocrx_word' id='word_1_179' title='bbox 161 2687 239 2764; x_wconf 88' lang='lat' dir='ltr'>petu</span> <span class='ocrx_word' id='word_1_180' title='bbox 268 2681 395 2766; x_wconf 89' lang='lat' dir='ltr'>poetico</span> <span class='ocrx_word' id='word_1_181' title='bbox 426 2700 553 2744; x_wconf 89' lang='lat' dir='ltr'>summo</span> <span class='ocrx_word' id='word_1_182' title='bbox 582 2681 681 2767; x_wconf 87' lang='lat' dir='ltr'>plena</span> <span class='ocrx_word' id='word_1_183' title='bbox 702 2680 785 2746; x_wconf 90' lang='lat' dir='ltr'>illud</span> <span class='ocrx_word' id='word_1_184' title='bbox 807 2681 937 2744; x_wconf 83' lang='lat' dir='ltr'>Horatii</span> <span class='ocrx_word' id='word_1_185' title='bbox 958 2681 992 2743; x_wconf 88' lang='lat' dir='ltr'>in</span> <span class='ocrx_word' id='word_1_186' title='bbox 1015 2687 1158 2743; x_wconf 89' lang='lat' dir='ltr'>mentem</span> <span class='ocrx_word' id='word_1_187' title='bbox 1180 2681 1287 2744; x_wconf 88' lang='lat' dir='ltr'>venit:</span> 
     </span>
    </p>
   </div>
   <div class='ocr_carea' id='block_1_5' title="bbox 394 2815 1051 2884">
    <p class='ocr_par' dir='ltr' id='par_1_5' title="bbox 394 2815 1051 2884">
     <span class='ocr_line' id='line_1_24' title="bbox 394 2815 1051 2884; baseline 0 -15"><span class='ocrx_word' id='word_1_188' title='bbox 394 2815 548 2884; x_wconf 86' lang='lat' dir='ltr'>parturiunt</span> <span class='ocrx_word' id='word_1_189' title='bbox 565 2820 679 2880; x_wconf 85' lang='lat' dir='ltr'>montes,</span> <span class='ocrx_word' id='word_1_190' title='bbox 697 2819 822 2871; x_wconf 88' lang='lat' dir='ltr'>nascetur</span> <span class='ocrx_word' id='word_1_191' title='bbox 839 2816 966 2882; x_wconf 78' lang='lat' dir='ltr'>ridiculus</span> <span class='ocrx_word' id='word_1_192' title='bbox 984 2833 1051 2870; x_wconf 89' lang='lat' dir='ltr'>mus.</span> 
     </span>
    </p>
   </div>
   <div class='ocr_carea' id='block_1_6' title="bbox 162 2935 1290 3244">
    <p class='ocr_par' dir='ltr' id='par_1_6' title="bbox 162 2935 1290 3244">
     <span class='ocr_line' id='line_1_25' title="bbox 163 2935 1290 3024; baseline -0.003 -22"><span class='ocrx_word' id='word_1_193' title='bbox 163 2939 277 3024; x_wconf 88' lang='lat' dir='ltr'>Itaque</span> <span class='ocrx_word' id='word_1_194' title='bbox 307 2939 388 3003; x_wconf 91' lang='lat' dir='ltr'>mihi</span> <span class='ocrx_word' id='word_1_195' title='bbox 422 2958 616 3024; x_wconf 84' lang='lat' dir='ltr'>persuasum</span> <span class='ocrx_word' id='word_1_196' title='bbox 650 2947 699 3001; x_wconf 90' lang='lat' dir='ltr'>est</span> <span class='ocrx_word' id='word_1_197' title='bbox 729 2937 909 3001; x_wconf 85' lang='lat' dir='ltr'>rectissime</span> <span class='ocrx_word' id='word_1_198' title='bbox 942 2937 979 3000; x_wconf 88' lang='lat' dir='ltr'>L.</span> <span class='ocrx_word' id='word_1_199' title='bbox 1010 2935 1187 3000; x_wconf 74' lang='lat' dir='ltr'>Millerum</span> <span class='ocrx_word' id='word_1_200' title='bbox 1216 2943 1290 3020; x_wconf 88' lang='lat' dir='ltr'>post</span> 
     </span>
     <span class='ocr_line' id='line_1_26' title="bbox 162 3039 1288 3130; baseline -0.002 -26"><span class='ocrx_word' id='word_1_201' title='bbox 162 3063 293 3114; x_wconf 84' lang='lat' dir='ltr'>versum</span> <span class='ocrx_word' id='word_1_202' title='bbox 309 3045 360 3108; x_wconf 77' lang='lat'>20.</span> <span class='ocrx_word' id='word_1_203' title='bbox 384 3039 613 3104; x_wconf 80' lang='lat' dir='ltr'>asteriscorum</span> <span class='ocrx_word' id='word_1_204' title='bbox 634 3041 765 3125; x_wconf 86' lang='lat' dir='ltr'>signum</span> <span class='ocrx_word' id='word_1_205' title='bbox 789 3041 938 3124; x_wconf 87' lang='lat' dir='ltr'>posuisse</span> <span class='ocrx_word' id='word_1_206' title='bbox 961 3048 1059 3130; x_wconf 87' lang='lat' dir='ltr'>atque</span> <span class='ocrx_word' id='word_1_207' title='bbox 1082 3049 1176 3104; x_wconf 87' lang='lat' dir='ltr'>caute</span> <span class='ocrx_word' id='word_1_208' title='bbox 1199 3041 1232 3102; x_wconf 93' lang='lat' dir='ltr'>in</span> <span class='ocrx_word' id='word_1_209' title='bbox 1250 3059 1288 3102; x_wconf 90' lang='lat' dir='ltr'>eo</span> 
     </span>
     <span class='ocr_line' id='line_1_27' title="bbox 163 3143 1287 3244; baseline -0.001 -39"><span class='ocrx_word' id='word_1_210' title='bbox 163 3145 278 3226; x_wconf 82' lang='lat' dir='ltr'>egisse,</span> <span class='ocrx_word' id='word_1_211' title='bbox 303 3143 391 3231; x_wconf 89' lang='lat' dir='ltr'>quod</span> <span class='ocrx_word' id='word_1_212' title='bbox 414 3167 444 3206; x_wconf 84' lang='lat' dir='ltr'>v.</span> <span class='ocrx_word' id='word_1_213' title='bbox 469 3145 616 3210; x_wconf 72' lang='lat'>21.-26.</span> <span class='ocrx_word' id='word_1_214' title='bbox 639 3165 706 3210; x_wconf 92' lang='lat' dir='ltr'>non</span> <span class='ocrx_word' id='word_1_215' title='bbox 729 3144 763 3206; x_wconf 94' lang='lat' dir='ltr'>in</span> <span class='ocrx_word' id='word_1_216' title='bbox 787 3145 956 3244; x_wconf 68' lang='lat' dir='ltr'>prooemio</span> <span class='ocrx_word' id='word_1_217' title='bbox 980 3143 1094 3208; x_wconf 91' lang='lat' dir='ltr'>sedin</span> <span class='ocrx_word' id='word_1_218' title='bbox 1118 3165 1166 3224; x_wconf 86' lang='lat' dir='ltr'>eo,</span> <span class='ocrx_word' id='word_1_219' title='bbox 1190 3163 1287 3227; x_wconf 90' lang='lat' dir='ltr'>quem</span> 
     </span>
    </p>
   </div>
   <div class='ocr_carea' id='block_1_7' title="bbox 163 3347 1291 4198">
    <p class='ocr_par' dir='ltr' id='par_1_7' title="bbox 163 3347 1291 4198">
     <span class='ocr_line' id='line_1_28' title="bbox 232 3347 1289 3420; baseline -0.002 -15"><span class='ocrx_word' id='word_1_220' title='bbox 232 3351 258 3420; x_wconf 75' lang='lat' dir='ltr'>*l</span> <span class='ocrx_word' id='word_1_221' title='bbox 276 3351 370 3420; x_wconf 88' lang='lat' dir='ltr'>Neque</span> <span class='ocrx_word' id='word_1_222' title='bbox 395 3349 446 3403; x_wconf 90' lang='lat' dir='ltr'>hoc</span> <span class='ocrx_word' id='word_1_223' title='bbox 468 3347 601 3402; x_wconf 82' lang='lat' dir='ltr'>refellitur</span> <span class='ocrx_word' id='word_1_224' title='bbox 623 3350 674 3413; x_wconf 83' lang='lat' dir='ltr'>eis,</span> <span class='ocrx_word' id='word_1_225' title='bbox 700 3365 765 3417; x_wconf 83' lang='lat' dir='ltr'>quae</span> <span class='ocrx_word' id='word_1_226' title='bbox 784 3348 892 3418; x_wconf 85' lang='lat' dir='ltr'>Gruppe</span> <span class='ocrx_word' id='word_1_227' title='bbox 910 3347 940 3401; x_wconf 82' lang='lat' dir='ltr'>R.</span> <span class='ocrx_word' id='word_1_228' title='bbox 959 3348 1000 3402; x_wconf 89' lang='lat' dir='ltr'>El.</span> <span class='ocrx_word' id='word_1_229' title='bbox 1025 3348 1046 3410; x_wconf 89' lang='grc' dir='ltr'>Ι,</span> <span class='ocrx_word' id='word_1_230' title='bbox 1065 3349 1117 3401; x_wconf 84' lang='grc'>318</span> <span class='ocrx_word' id='word_1_231' title='bbox 1140 3364 1196 3416; x_wconf 88' lang='lat' dir='ltr'>sqq.</span> <span class='ocrx_word' id='word_1_232' title='bbox 1219 3351 1289 3403; x_wconf 89' lang='lat' dir='ltr'>recte</span> 
     </span>
     <span class='ocr_line' id='line_1_29' title="bbox 163 3434 1287 3517; baseline -0.002 -27"><span class='ocrx_word' id='word_1_233' title='bbox 163 3437 297 3517; x_wconf 78' lang='lat' dir='ltr'>exposuit,</span> <span class='ocrx_word' id='word_1_234' title='bbox 323 3436 382 3490; x_wconf 85' lang='lat' dir='ltr'>aliis</span> <span class='ocrx_word' id='word_1_235' title='bbox 410 3449 512 3504; x_wconf 89' lang='lat' dir='ltr'>quoque</span> <span class='ocrx_word' id='word_1_236' title='bbox 537 3435 630 3504; x_wconf 85' lang='lat' dir='ltr'>elegiis</span> <span class='ocrx_word' id='word_1_237' title='bbox 654 3453 695 3490; x_wconf 90' lang='lat' dir='ltr'>res</span> <span class='ocrx_word' id='word_1_238' title='bbox 719 3434 752 3488; x_wconf 87' lang='lat' dir='ltr'>ad</span> <span class='ocrx_word' id='word_1_239' title='bbox 769 3434 926 3504; x_wconf 85' lang='lat' dir='ltr'>Angustum</span> <span class='ocrx_word' id='word_1_240' title='bbox 949 3437 1102 3501; x_wconf 79' lang='lat' dir='ltr'>spectantes</span> <span class='ocrx_word' id='word_1_241' title='bbox 1125 3436 1220 3504; x_wconf 87' lang='lat' dir='ltr'>exponi</span> <span class='ocrx_word' id='word_1_242' title='bbox 1241 3434 1287 3488; x_wconf 83' lang='lat' dir='ltr'>cir.</span> 
     </span>
     <span class='ocr_line' id='line_1_30' title="bbox 163 3519 1288 3592; baseline -0.004 -15"><span class='ocrx_word' id='word_1_243' title='bbox 163 3523 295 3592; x_wconf 88' lang='lat' dir='ltr'>imprimis</span> <span class='ocrx_word' id='word_1_244' title='bbox 319 3523 365 3587; x_wconf 91' lang='lat' dir='ltr'>IV,</span> <span class='ocrx_word' id='word_1_245' title='bbox 389 3521 413 3577; x_wconf 88' lang='grc'>3.</span> <span class='ocrx_word' id='word_1_246' title='bbox 440 3539 527 3587; x_wconf 84' lang='lat' dir='ltr'>„arma</span> <span class='ocrx_word' id='word_1_247' title='bbox 549 3521 615 3574; x_wconf 80' lang='lat' dir='ltr'>(leus</span> <span class='ocrx_word' id='word_1_248' title='bbox 641 3519 752 3576; x_wconf 80' lang='lat' dir='ltr'>Caesar“</span> <span class='ocrx_word' id='word_1_249' title='bbox 777 3523 805 3573; x_wconf 86' lang='lat' dir='ltr'>et</span> <span class='ocrx_word' id='word_1_250' title='bbox 829 3519 860 3583; x_wconf 89' lang='lat' dir='ltr'>V,</span> <span class='ocrx_word' id='word_1_251' title='bbox 886 3522 910 3574; x_wconf 86' lang='grc'>6.</span> <span class='ocrx_word' id='word_1_252' title='bbox 937 3537 1024 3586; x_wconf 69' lang='lat' dir='ltr'>‚sacra</span> <span class='ocrx_word' id='word_1_253' title='bbox 1045 3520 1112 3573; x_wconf 85' lang='lat' dir='ltr'>facit</span> <span class='ocrx_word' id='word_1_254' title='bbox 1129 3524 1220 3574; x_wconf 86' lang='lat' dir='ltr'>vates“</span> <span class='ocrx_word' id='word_1_255' title='bbox 1239 3523 1288 3574; x_wconf 85' lang='lat' dir='ltr'>etc.</span> 
     </span>
     <span class='ocr_line' id='line_1_31' title="bbox 163 3605 1291 3678; baseline -0.005 -14"><span class='ocrx_word' id='word_1_256' title='bbox 163 3610 232 3664; x_wconf 88' lang='lat' dir='ltr'>Nam</span> <span class='ocrx_word' id='word_1_257' title='bbox 250 3611 279 3663; x_wconf 92' lang='lat' dir='ltr'>in</span> <span class='ocrx_word' id='word_1_258' title='bbox 297 3609 340 3662; x_wconf 89' lang='lat' dir='ltr'>his</span> <span class='ocrx_word' id='word_1_259' title='bbox 359 3609 482 3663; x_wconf 88' lang='lat' dir='ltr'>omnibus</span> <span class='ocrx_word' id='word_1_260' title='bbox 501 3609 619 3677; x_wconf 88' lang='lat' dir='ltr'>quinque</span> <span class='ocrx_word' id='word_1_261' title='bbox 637 3609 732 3678; x_wconf 84' lang='lat' dir='ltr'>elegiis</span> <span class='ocrx_word' id='word_1_262' title='bbox 749 3611 829 3675; x_wconf 89' lang='lat' dir='ltr'>poeta</span> <span class='ocrx_word' id='word_1_263' title='bbox 845 3607 999 3676; x_wconf 86' lang='lat' dir='ltr'>Augustum</span> <span class='ocrx_word' id='word_1_264' title='bbox 1018 3624 1070 3660; x_wconf 93' lang='lat' dir='ltr'>non</span> <span class='ocrx_word' id='word_1_265' title='bbox 1088 3607 1127 3660; x_wconf 86' lang='lat' dir='ltr'>ita</span> <span class='ocrx_word' id='word_1_266' title='bbox 1144 3605 1291 3673; x_wconf 88' lang='lat' dir='ltr'>alloquitur</span> 
     </span>
     <span class='ocr_line' id='line_1_32' title="bbox 163 3693 1285 3763; baseline -0.004 -13"><span class='ocrx_word' id='word_1_267' title='bbox 163 3698 196 3750; x_wconf 88' lang='lat' dir='ltr'>nt</span> <span class='ocrx_word' id='word_1_268' title='bbox 216 3696 355 3763; x_wconf 73' lang='lat' dir='ltr'>adipsum</span> <span class='ocrx_word' id='word_1_269' title='bbox 378 3696 524 3763; x_wconf 86' lang='lat' dir='ltr'>principem</span> <span class='ocrx_word' id='word_1_270' title='bbox 543 3695 656 3763; x_wconf 83' lang='lat' dir='ltr'>elegiam</span> <span class='ocrx_word' id='word_1_271' title='bbox 676 3695 780 3748; x_wconf 76' lang='lat' dir='ltr'>irrisisse</span> <span class='ocrx_word' id='word_1_272' title='bbox 798 3693 926 3755; x_wconf 85' lang='lat' dir='ltr'>videatur.</span> <span class='ocrx_word' id='word_1_273' title='bbox 962 3693 1063 3746; x_wconf 80' lang='lat' dir='ltr'>Tamen</span> <span class='ocrx_word' id='word_1_274' title='bbox 1081 3693 1109 3745; x_wconf 94' lang='lat' dir='ltr'>in</span> <span class='ocrx_word' id='word_1_275' title='bbox 1127 3707 1285 3761; x_wconf 85' lang='lat' dir='ltr'>enprorsus</span> 
     </span>
     <span class='ocr_line' id='line_1_33' title="bbox 164 3779 1290 3851; baseline -0.002 -17"><span class='ocrx_word' id='word_1_276' title='bbox 164 3783 263 3843; x_wconf 79' lang='lat' dir='ltr'>erravit</span> <span class='ocrx_word' id='word_1_277' title='bbox 282 3781 397 3851; x_wconf 83' lang='lat' dir='ltr'>Gruppe,</span> <span class='ocrx_word' id='word_1_278' title='bbox 416 3781 486 3850; x_wconf 88' lang='lat' dir='ltr'>quod</span> <span class='ocrx_word' id='word_1_279' title='bbox 504 3798 535 3834; x_wconf 86' lang='lat' dir='ltr'>cx</span> <span class='ocrx_word' id='word_1_280' title='bbox 552 3781 632 3836; x_wconf 88' lang='lat' dir='ltr'>rebus</span> <span class='ocrx_word' id='word_1_281' title='bbox 651 3781 685 3834; x_wconf 87' lang='lat' dir='ltr'>ad</span> <span class='ocrx_word' id='word_1_282' title='bbox 703 3781 814 3835; x_wconf 86' lang='lat' dir='ltr'>eundern</span> <span class='ocrx_word' id='word_1_283' title='bbox 823 3781 978 3850; x_wconf 85' lang='lat' dir='ltr'>Augustum</span> <span class='ocrx_word' id='word_1_284' title='bbox 996 3779 1180 3848; x_wconf 87' lang='lat' dir='ltr'>spectantibus</span> <span class='ocrx_word' id='word_1_285' title='bbox 1198 3780 1290 3848; x_wconf 82' lang='lat' dir='ltr'>colligi</span> 
     </span>
     <span class='ocr_line' id='line_1_34' title="bbox 164 3866 1291 3936; baseline 0.001 -15"><span class='ocrx_word' id='word_1_286' title='bbox 164 3883 241 3936; x_wconf 89' lang='lat' dir='ltr'>posse</span> <span class='ocrx_word' id='word_1_287' title='bbox 259 3868 403 3936; x_wconf 86' lang='lat' dir='ltr'>arbitratus</span> <span class='ocrx_word' id='word_1_288' title='bbox 421 3871 464 3921; x_wconf 84' lang='lat' dir='ltr'>est</span> <span class='ocrx_word' id='word_1_289' title='bbox 482 3868 600 3936; x_wconf 89' lang='lat' dir='ltr'>quinque</span> <span class='ocrx_word' id='word_1_290' title='bbox 618 3867 668 3921; x_wconf 86' lang='lat' dir='ltr'>has</span> <span class='ocrx_word' id='word_1_291' title='bbox 681 3868 782 3936; x_wconf 83' lang='lat' dir='ltr'>elegias</span> <span class='ocrx_word' id='word_1_292' title='bbox 800 3868 833 3920; x_wconf 89' lang='lat' dir='ltr'>ab</span> <span class='ocrx_word' id='word_1_293' title='bbox 845 3868 903 3935; x_wconf 93' lang='lat' dir='ltr'>ipso</span> <span class='ocrx_word' id='word_1_294' title='bbox 915 3866 1054 3934; x_wconf 86' lang='lat' dir='ltr'>Propertio</span> <span class='ocrx_word' id='word_1_295' title='bbox 1067 3883 1121 3920; x_wconf 88' lang='lat' dir='ltr'>una</span> <span class='ocrx_word' id='word_1_296' title='bbox 1133 3867 1220 3922; x_wconf 81' lang='lat' dir='ltr'>editas</span> <span class='ocrx_word' id='word_1_297' title='bbox 1232 3885 1291 3922; x_wconf 88' lang='lat' dir='ltr'>esse</span> 
     </span>
     <span class='ocr_line' id='line_1_35' title="bbox 164 3952 1290 4024; baseline 0.003 -18"><span class='ocrx_word' id='word_1_298' title='bbox 164 3953 197 4006; x_wconf 90' lang='lat' dir='ltr'>ln</span> <span class='ocrx_word' id='word_1_299' title='bbox 209 3957 267 4009; x_wconf 86' lang='lat' dir='ltr'>tola</span> <span class='ocrx_word' id='word_1_300' title='bbox 283 3955 333 4008; x_wconf 84' lang='lat' dir='ltr'>hac</span> <span class='ocrx_word' id='word_1_301' title='bbox 351 3953 501 4022; x_wconf 80' lang='lat' dir='ltr'>conjectura</span> <span class='ocrx_word' id='word_1_302' title='bbox 517 3953 689 4023; x_wconf 87' lang='lat' dir='ltr'>proponenda</span> <span class='ocrx_word' id='word_1_303' title='bbox 706 3970 766 4006; x_wconf 86' lang='lat' dir='ltr'>curu</span> <span class='ocrx_word' id='word_1_304' title='bbox 785 3953 884 4024; x_wconf 86' lang='lat' dir='ltr'>elegias</span> <span class='ocrx_word' id='word_1_305' title='bbox 902 3953 930 4006; x_wconf 92' lang='lat' dir='ltr'>in</span> <span class='ocrx_word' id='word_1_306' title='bbox 948 3952 1084 4005; x_wconf 84' lang='lat' dir='ltr'>codicibus</span> <span class='ocrx_word' id='word_1_307' title='bbox 1102 3955 1141 4007; x_wconf 85' lang='lat' dir='ltr'>ita</span> <span class='ocrx_word' id='word_1_308' title='bbox 1157 3957 1188 4006; x_wconf 89' lang='lat' dir='ltr'>ut</span> <span class='ocrx_word' id='word_1_309' title='bbox 1206 3959 1290 4009; x_wconf 82' lang='lat' dir='ltr'>sortes</span> 
     </span>
     <span class='ocr_line' id='line_1_36' title="bbox 164 4036 1290 4109; baseline -0.002 -15"><span class='ocrx_word' id='word_1_310' title='bbox 164 4041 192 4094; x_wconf 91' lang='lat' dir='ltr'>in</span> <span class='ocrx_word' id='word_1_311' title='bbox 211 4039 300 4094; x_wconf 86' lang='lat' dir='ltr'>sitella</span> <span class='ocrx_word' id='word_1_312' title='bbox 312 4041 451 4109; x_wconf 87' lang='lat' dir='ltr'>transponi</span> <span class='ocrx_word' id='word_1_313' title='bbox 466 4055 544 4108; x_wconf 89' lang='lat' dir='ltr'>posse</span> <span class='ocrx_word' id='word_1_314' title='bbox 563 4039 615 4093; x_wconf 88' lang='lat' dir='ltr'>sibi</span> <span class='ocrx_word' id='word_1_315' title='bbox 627 4039 791 4109; x_wconf 85' lang='lat' dir='ltr'>persuaserit</span> <span class='ocrx_word' id='word_1_316' title='bbox 802 4037 835 4092; x_wconf 90' lang='lat' dir='ltr'>ad</span> <span class='ocrx_word' id='word_1_317' title='bbox 849 4041 974 4107; x_wconf 87' lang='lat' dir='ltr'>quantam</span> <span class='ocrx_word' id='word_1_318' title='bbox 987 4036 1121 4092; x_wconf 86' lang='lat' dir='ltr'>audaciam</span> <span class='ocrx_word' id='word_1_319' title='bbox 1133 4041 1290 4107; x_wconf 86' lang='lat' dir='ltr'>pervenerit,</span> 
     </span>
     <span class='ocr_line' id='line_1_37' title="bbox 163 4127 389 4198; baseline -0.009 -16"><span class='ocrx_word' id='word_1_320' title='bbox 163 4127 217 4182; x_wconf 78' lang='lat' dir='ltr'>uici</span> <span class='ocrx_word' id='word_1_321' title='bbox 233 4133 276 4181; x_wconf 79' lang='lat' dir='ltr'>vix</span> <span class='ocrx_word' id='word_1_322' title='bbox 292 4129 389 4198; x_wconf 86' lang='lat' dir='ltr'>potest</span> 
     </span>
    </p>
   </div>
   <div class='ocr_carea' id='block_1_8' title="bbox 0 0 1573 4746">
    <p class='ocr_par' dir='ltr' id='par_1_8' title="bbox 0 0 1573 4746">
     <span class='ocr_line' id='line_1_38' title="bbox 0 0 1573 4746; baseline 0 0"><span class='ocrx_word' id='word_1_323' title='bbox 0 0 1573 4746; x_wconf 95' lang='lat' dir='ltr'> </span> 
     </span>
    </p>
   </div>
  </div>
 </body>
</html>
