3116 4746
811 291 853 356 24

270 477 378 542 medio
411 498 534 564 ponere
567 476 637 540 foro
665 476 743 563 jura
776 477 829 541 vel
862 477 1035 542 Medorum
1069 498 1236 561 pugnaees
1266 477 1314 538 ire
1341 497 1401 561 por

271 579 382 643 hastas
406 587 504 665 atque
527 578 750 643 domum-fixa
772 601 831 663 per
854 579 945 645 arma
967 601 1084 644 ornare
1106 577 1204 644 liceat
1224 581 1260 642 in
1284 589 1399 642 tenues

271 680 405 746 umbras
429 704 463 745 se
487 679 643 744 humilem
668 680 802 766 colligat
816 690 914 767 atque
928 683 1000 767 ipse
1015 681 1164 747 velorum
1178 681 1293 768 plenos
1309 681 1401 743 sinus

272 785 442 848 subtrahat
465 785 510 870 (v.
534 786 585 849 22.
609 782 680 869 sq),
706 783 820 848 eodem
844 783 940 864 modo
964 807 998 849 se
1019 785 1138 870 ipsum,
1161 783 1284 870 quippe
1307 782 1401 870 cujus

272 888 335 970 rati
364 887 504 972 grandia
534 884 609 950 vela
640 907 706 958 non
738 897 815 970 apta
842 889 916 967 sint,
946 887 1081 951 velifera
1103 887 1215 950 carina
1236 883 1399 948 tumidum

272 1013 362 1054 mare
384 989 509 1054 findere
532 987 619 1051 nolle
642 1010 750 1074 neque
773 1011 929 1074 umquam
952 989 1045 1076 opica
1067 991 1214 1054 carmina
1228 1009 1300 1050 sese
1316 1009 1400 1051 eom-

269 1093 463 1178 positurum.
508 1090 623 1175 ltaque
647 1100 682 1153 ut
704 1090 750 1154 ait
771 1114 802 1157 v.
825 1095 877 1158 43.
901 1115 949 1178 sq.

513 1228 582 1280 inter
600 1226 756 1280 Callimachi
774 1231 817 1282 sat
835 1229 886 1282 erit
904 1229 1035 1296 placuisse
1053 1198 1159 1282 libellos
1266 1253 1269 1258 ·

576 1314 605 1364 et
622 1313 748 1368 cecinisse
766 1311 852 1365 modis
871 1312 923 1368 Coe
940 1317 1019 1382 poeta
1036 1316 1098 1368 tuis.

269 1443 301 1498 et
324 1455 350 1496 c.
379 1455 463 1496 vers.
493 1434 545 1498 45.
568 1433 620 1499 46.
644 1436 695 1500 59.
719 1435 769 1500 60.
814 1433 899 1496 Nam
929 1455 1044 1498 versus
1067 1437 1118 1502 59.
1142 1457 1189 1526 sq.
1219 1442 1306 1496 recte
1327 1442 1402 1516 post

269 1560 301 1599 v.
325 1539 376 1604 46.
407 1535 516 1620 posuit
543 1534 786 1601 Lachmannus.
830 1535 922 1598 Haec
945 1537 1055 1600 omnia
1076 1537 1201 1601 faciunt
1222 1534 1400 1598 rotundum

269 1661 410 1704 carmen.
454 1638 530 1702 Jam
554 1637 638 1719 vide,
663 1660 747 1723 quae
770 1648 958 1724 sequantur.

440 1779 467 1829 te
486 1775 552 1828 duce
572 1774 614 1827 vel
631 1773 702 1827 Iovis
721 1793 793 1829 arma
810 1793 903 1829 cenam
922 1775 1046 1843 coeloque
1064 1757 1212 1829 minantem

440 1860 538 1914 Coeum
551 1862 585 1936 ¹et
603 1859 765 1927 Phlegraeos
784 1859 962 1914 Oromedonta
980 1861 1052 1930 iugis
1074 1876 1130 1927 sqq.

269 1998 462 2084 Propertius
493 1997 609 2081 igitur,
641 1995 698 2080 qui
721 1994 762 2058 ad
793 1996 894 2060 solam
917 1997 1095 2082 elegiacam
1118 1998 1231 2082 poesin
1254 1995 1400 2060 indolem

269 2101 333 2165 sibi
370 2109 518 2186 paratam
554 2119 624 2162 esse
654 2109 861 2184 exposuerat,
890 2100 996 2165 subito
1027 2101 1110 2165 elato
1134 2101 1242 2164 animo
1260 2101 1398 2187 jamjam

269 2205 460 2268 Maecenate
496 2202 578 2265 duce
611 2202 656 2287 (v.
679 2200 745 2287 47.)
776 2203 869 2289 epioe
898 2226 933 2268 se
961 2204 1122 2268 facturum
1152 2221 1223 2268 esse
1253 2203 1401 2266 carmina

269 2307 439 2394 promittit.
483 2304 594 2368 Verba
625 2313 733 2367 autem
764 2315 817 2385 „te
849 2304 955 2370 duce“
984 2306 1112 2370 duabus
1139 2304 1322 2369 rationibus
1345 2327 1401 2368 ex·

270 2408 450 2494 plicantur:
492 2415 549 2471 aut
587 2405 791 2489 significant,
828 2407 863 2471 id
900 2406 987 2492 quod
1024 2408 1257 2473 Lachmannus
1294 2407 1401 2470 voluit

269 2511 381 2598 „quod
403 2512 430 2574 si
452 2518 488 2573 tu
507 2508 648 2594 jubeas“
672 2543 711 2554 —
734 2507 789 2570 cui
810 2509 1068 2594 interpretationi
1092 2511 1193 2574 officit
1214 2511 1312 2573 totius
1336 2509 1399 2572 ele-

271 2614 344 2698 giae
367 2621 606 2698 argumentum,
631 2612 754 2696 quippe
777 2632 843 2696 qua
864 2621 993 2676 recuset
1007 2622 1112 2699 poeta,
1136 2635 1219 2699 quae
1236 2613 1399 2696 petiverat

271 2717 312 2780 ab
332 2739 369 2780 co
381 2717 554 2780 Maecenas
570 2754 610 2762 —
624 2723 689 2794 aut,
706 2735 791 2799 quae
806 2722 876 2777 erat
887 2713 1095 2800 Hertzbergii
1111 2716 1280 2796 sententia,
1297 2715 1398 2798 signi-

270 2819 370 2883 ficant
399 2820 449 2901 „si
476 2819 636 2882 factorum
665 2817 817 2902 exempla
838 2816 1010 2884 Maecenas
1033 2819 1258 2903 praeivisset.“
1301 2815 1400 2881 Hanc

271 2933 384 2986 contra
419 2921 719 3007 interpretationem
756 2919 998 2985 Heimreichius
1032 2922 1159 2987 monuit
1190 2920 1398 3005 Propertium

271 3025 358 3090 hanc
392 3023 613 3088 laudationem
650 3023 726 3085 satis
760 3022 913 3107 frigidam
948 3023 1010 3088 hoo
1043 3023 1139 3089 modo
1169 3023 1270 3088 literis
1296 3022 1398 3086 fuisse

271 3127 502 3192 mandaturum
535 3136 589 3206 „te
623 3125 706 3189 duee
736 3177 742 3190 .
771 3172 811 3190 ..
845 3130 1028 3190 canerem.“
1072 3125 1137 3190 Sed
1173 3126 1232 3190 tali
1266 3124 1397 3189 fastidio

269 3251 417 3316 premere
440 3229 582 3292 rationes
606 3227 794 3313 philosophi
816 3229 927 3291 nescio
948 3229 1041 3314 cujus
1057 3230 1177 3294 morosi
1191 3228 1315 3311 logicas
1330 3249 1396 3291 non

270 3343 320 3397 est
346 3341 460 3417 poetae
485 3329 539 3394 vel
570 3353 617 3412 ea,
648 3354 733 3418 quae
760 3352 941 3417 numquam
968 3330 1078 3396 futura
1101 3353 1171 3395 esse
1193 3331 1297 3394 credit
1317 3339 1397 3393 tam·

270 3459 369 3522 quam
393 3443 481 3499 certa
500 3435 721 3520 proponentis,
747 3434 924 3498 dummodo
947 3457 988 3498 ex
1003 3434 1101 3499 totius
1117 3434 1270 3498 carminis
1284 3443 1397 3497 tenore

270 3548 437 3624 appareat,
461 3537 541 3623 quid
564 3559 598 3601 rc
621 3561 700 3602 vera
721 3539 810 3620 velit,
836 3536 915 3623 quid
937 3547 1038 3624 ponat
1059 3547 1194 3602 tantum.
1230 3593 1232 3597 ,

331 3657 447 3742 Neque
480 3660 615 3742 gravius
650 3667 881 3744 argumentum
914 3658 1053 3744 sumpsit
1081 3657 1323 3724 Heimreichius
1354 3677 1397 3720 ex

269 3783 368 3826 versu
392 3760 449 3842 IV,
472 3765 502 3841 8,
525 3764 576 3828 52.
601 3761 723 3848 quippe
747 3783 788 3825 ex
811 3783 875 3850 quo
891 3761 983 3825 nullo
999 3761 1096 3828 modo
1112 3769 1268 3846 appareat
1283 3781 1397 3824 versus

270 3863 311 3928 de
345 3863 464 3950 quibus
496 3865 625 3947 agimus
655 3863 697 3926 ad
726 3860 858 3927 carmen
889 3864 1054 3949 quoddam
1077 3865 1249 3948 pertinere,
1272 3863 1307 3924 in
1330 3883 1395 3946 quo

268 3969 420 4052 Augusto
450 3974 547 4050 poeta
576 3967 764 4050 promiserit
786 3965 872 4030 bella
895 3987 929 4030 se
953 3975 985 4030 et
1006 3989 1098 4030 arma
1120 3987 1190 4030 esse
1212 3973 1394 4030 canturum.

268 4069 351 4136 Nam
376 4071 472 4134 etiam
497 4068 537 4132 de
559 4069 749 4148 Maecenate
772 4070 1052 4157 viroimperatori
1077 4070 1274 4132 amicissimo
1298 4076 1396 4156 atque
