3116 4746
702 353 740 422 11

618 441 820 456 β-ι--ο-α-ΑἈ

344 539 405 600 Non
422 544 461 600 ita
478 543 637 615 conplebant
652 543 790 615 Ephyreae
806 539 902 598 Laidos
921 539 1007 610 aedes,

395 632 438 686 Ad
454 632 529 686 euius
544 631 629 685 iacuit
644 629 753 684 Graecia
769 632 828 684 tota
844 630 921 696 fores,

344 718 432 772 Turba
448 716 622 772 Menandreae
639 715 727 770 iuerat
743 731 792 770 nco
808 716 923 770 Thaidos
942 707 1006 771 olim'

394 803 487 868 Tanta,
505 804 534 856 in
552 818 603 871 qua
619 797 732 872 populus
749 802 815 855 lusit
832 799 1027 867 Erichthonius,

309 889 399 944 bNec
418 905 484 956 quae
502 889 602 943 deletas
619 888 708 958 potuit
726 904 869 956 conponere
887 887 1000 952 Thebas,

394 975 501 1044 Phryne
518 977 574 1028 tum
592 973 684 1026 multis
702 972 772 1027 lacto
789 973 868 1028 beata
886 973 957 1026 uiris.

344 1112 414 1178 Quin
433 1112 515 1166 etiam
532 1110 613 1166 falsos
631 1109 712 1180 fingis
729 1109 781 1164 tibi
799 1126 877 1180 saepe
894 1111 1062 1180 propinquos,

395 1198 492 1253 Oscula
508 1213 557 1272 upc
574 1195 670 1250 desunt
688 1195 733 1262 qui
751 1193 802 1248 tibi
820 1195 876 1250 iuro
893 1194 987 1250 ferant.

343 1335 386 1390 Me
404 1317 528 1389 iuvenum
545 1333 631 1402 pictae
649 1332 738 1398 facies,
757 1347 799 1386 me
817 1333 925 1387 nomina
941 1332 1059 1398 laedunt,

293 1419 328 1474 10
376 1421 420 1475 Me
437 1423 513 1474 tener
529 1419 557 1472 in
576 1418 650 1472 cunis
669 1422 696 1473 et
714 1419 771 1472 sinc
789 1435 851 1473 voce
869 1435 941 1489 puer,

341 1506 385 1560 Me
402 1505 493 1570 laedit,
512 1504 536 1557 si
554 1503 639 1557 multa
655 1503 707 1557 tibi
725 1503 800 1558 dedit
817 1503 908 1557 oscula
925 1506 1018 1566 mater,

395 1591 438 1644 Me
456 1607 527 1643 soror
545 1592 648 1642 etcum
667 1604 733 1656 quae
750 1581 847 1642 dormit
864 1589 949 1642 amica
966 1590 1058 1644 simul:
1145 1609 1148 1634 ι

343 1676 439 1730 Omnia
454 1692 496 1729 me
513 1674 636 1728 laedunt:
650 1673 763 1744 'timidus
782 1691 840 1728 sum
857 1675 974 1742 (ignosce
991 1675 1091 1743 tirnon')

394 1760 430 1815 Et
446 1761 527 1814 miser
543 1761 571 1813 in
589 1760 679 1813 tunica
697 1759 814 1828 suspicor
832 1775 888 1812 esse
906 1761 998 1813 virum.

292 1901 325 1956 15
342 1899 392 1953 His
409 1899 482 1962 olim,
499 1885 652 1961 ut'famast,
670 1896 743 1949 vitiis
761 1896 795 1950 ad
811 1896 911 1966 proelio
927 1901 1071 1962 ventumst,

392 1985 442 2038 His
459 1983 572 2037 Troiana
588 1982 661 2037 vides
679 1982 771 2038 funera
788 1983 932 2053 principiis.

343 2071 444 2139 Aspera
461 2070 606 2124 Centauros
625 2067 715 2122 eadem
734 2068 868 2123 dementia
885 2070 964 2123 iussit

393 2154 526 2224 Frangere
543 2155 570 2206 in
589 2153 726 2207 adversum
744 2155 838 2222 pocula
854 2155 1011 2209 Pirithoum.

343 2293 395 2348 Cur
412 2293 531 2362 exemplu
547 2293 637 2360 petam
654 2289 782 2345 Graium?
808 2295 840 2344 tu
857 2293 973 2346 criminis
991 2295 1087 2357 auctor,

290 2381 324 2433 20
375 2379 501 2434 Nutritus
518 2378 605 2443 durae,
622 2377 741 2440 Romule,
759 2378 827 2431 lecte
845 2378 937 2448 lupae:

342 2465 382 2520 Tu
399 2481 489 2533 rapere
506 2465 620 2518 intactas
638 2463 751 2517 docuisti
769 2465 867 2533 inpune
886 2464 1010 2518 Sabinus:

391 2551 487 2605 Pente
505 2566 577 2604 nuno
592 2550 689 2604 Romae
708 2549 839 2618 quidlibet
857 2542 939 2604 audet
954 2547 1045 2603 Amor:

290 2690 325 2745 25
341 2689 452 2758 Templa
468 2687 616 2742 Pudicitiae
634 2687 698 2754 quid
716 2704 780 2756 opus
799 2688 924 2741 statuisse
941 2687 1047 2756 puellis,

289 2777 324 2828 26
376 2775 405 2828 si
422 2773 505 2827 cuivis
524 2776 622 2842 nuptae
640 2772 772 2840 quidlibet
789 2789 846 2826 esse
862 2773 945 2826 licet?

289 2859 323 2915 35
341 2859 373 2915 Sl
390 2876 442 2913 non
460 2859 593 2912 immerito
610 2859 709 2912 velavit
726 2874 821 2911 aranea
837 2857 929 2912 fanum

288 2946 322 2999 36
373 2945 411 2999 Et
427 2946 497 3000 mala
515 2944 632 3000 desertos
650 2946 759 3012 occupat
776 2943 858 2998 herba
875 2943 976 2998 deos‘l'

289 3083 321 3137 27
341 3082 413 3148 Quae
431 3098 524 3136 manus
542 3082 684 3136 obscaenas
702 3081 823 3150 depinxit
839 3081 927 3150 prima
944 3081 1058 3136 tabellas

390 3167 426 3222 Et
443 3169 533 3238 posuit
550 3172 623 3222 ousta
639 3168 728 3236 turpia
744 3169 801 3221 visa
819 3167 903 3231 domo,

307 3299 310 3304 Δ
339 3255 393 3308 Illa
409 3255 557 3322 puellarum
574 3255 703 3324 ingenuos
721 3253 837 3322 corrupit
855 3254 950 3309 ocellos

288 3341 323 3395 30
373 3340 566 3408 Nequitiueque
584 3355 645 3394 suae
663 3340 749 3393 noluit
766 3356 823 3394 esse
841 3340 925 3394 rudos.

344 3479 367 3531 A
385 3480 482 3547 gemat,
501 3477 529 3530 in
547 3478 622 3531 terris
641 3479 693 3531 ista
711 3479 757 3546 qui
774 3477 886 3546 protulit
902 3479 959 3530 arbe

391 3564 482 3632 Iurgia
499 3563 549 3616 sub
567 3564 649 3616 tacita
666 3563 771 3617 condita
788 3563 898 3617 laetitio.

338 3649 398 3702 Non
416 3650 477 3702 istis
494 3649 557 3701 olim
575 3649 713 3702 variabant
729 3652 801 3703 tecta
818 3649 924 3719 figuris:

289 3736 323 3788 34
392 3735 459 3788 Turn
477 3736 562 3803 paries
580 3734 652 3788 nullo
670 3736 779 3789 crimine
796 3736 882 3804 pictus
900 3738 962 3788 eret.

288 3873 320 3935 37
340 3871 411 3938 Quos
429 3874 513 3942 igitur
529 3873 580 3926 tibi
598 3872 726 3938 custodes,
746 3887 812 3940 quae
829 3872 923 3926 limine
940 3887 1043 3942 ponam.

391 3959 463 4024 Quae
481 3974 623 4026 nmnquam
640 3975 719 4028 supra
736 3975 782 4027 pes
800 3959 923 4011 inimicus
940 3959 1003 4012 eat?

338 4044 407 4099 Nam
425 4045 494 4098 nihil
511 4045 610 4098 invitae
625 4045 713 4098 tristis
731 4044 850 4098 custodio
866 4044 987 4118 prodest:

288 4131 322 4187 40
374 4131 458 4200 Quam
475 4147 580 4201 peccare
598 4131 688 4202 pudet,
707 4117 830 4202 Cynthia,
848 4134 908 4187 tutu
925 4135 968 4186 sat
985 4135 1032 4187 est.
