3116 4746
699 267 721 372 9,

148 494 326 578 Cynthium
350 495 500 577 stipatam
518 515 589 558 esse
603 494 700 558 turbe
714 496 856 559 virorum
882 504 914 558 et
928 517 1035 559 mores
1050 494 1183 558 omniuo
1199 516 1270 558 esse

148 606 328 682 corruptos.
374 596 458 662 Cum
487 598 631 681 ,‚igitur“
653 597 837 683 periculum
860 599 901 662 sit
923 608 959 660 ut
981 595 1143 682 Cynthiae
1165 619 1271 662 mores

148 700 315 786 corrumpi
338 699 498 779 desinant,
524 701 655 784 egregie
677 722 829 785 pergens,
853 722 937 785 quae
960 700 1074 764 limina
1096 723 1137 765 ne
1159 712 1272 787 peccet

147 801 261 886 puella
282 801 436 887 ponenda
458 805 533 884 sint,
556 813 652 888 poeta
673 803 861 888 interrogat.

212 904 324 968 Restat
346 904 466 968 lacuna
488 915 562 970 ante
578 927 708 969 versum
724 907 786 981 41„
810 928 906 992 quarn
929 916 966 970 ut
982 908 1128 994 expleret
1141 906 1272 971 Flirste·

132 997 217 1072 'nau
238 1008 274 1078 in
297 1029 405 1092 progr.
427 1007 614 1074 Rinteliauo
637 1008 716 1072 armi
741 1009 843 1090 rulo,
867 1030 931 1095 quo
947 1008 1053 1074 editae
1068 1019 1145 1076 sunt
1160 1031 1272 1097 quaee-

146 1109 254 1174 tiones
273 1109 518 1195 Propertianae‚
541 1134 616 1198 pag.
641 1114 692 1178 22.
716 1133 846 1175 carmen
869 1110 930 1192 111,
955 1113 1015 1192 11.,
1038 1111 1126 1198 quod
1148 1113 1272 1176 ratione

145 1212 268 1276 tradita
289 1213 438 1298 intellegi
459 1236 525 1278 non
547 1206 643 1300 posse
667 1213 843 1295 contendit,
866 1214 932 1278 fine
952 1214 1077 1300 elegiae
1088 1214 1132 1297 11,
1146 1219 1177 1283 6.
1199 1225 1274 1301 post

145 1335 282 1394 versum
304 1317 356 1382 35.
379 1325 496 1396 statuto
520 1339 594 1381 eum
619 1317 716 1402 hujus
739 1314 864 1401 elegiae
887 1316 1036 1380 versibus
1056 1320 1206 1385 36.-41.
1229 1319 1275 1381 ita

144 1418 331 1503 conjunxit.
922 1409 924 1416 ’

303 1537 380 1593 Nunc
398 1541 478 1594 etiam
496 1541 607 1594 infectos
625 1540 732 1594 demens
750 1541 853 1593 imitare
872 1539 1013 1592 Britannos
1061 1540 1159 1604 11111,
1177 1541 1201 1593 1.
1214 1555 1272 1608 sqq.

356 1625 439 1678 Ludis
457 1628 485 1678 et
502 1629 621 1679 exstemo
638 1626 723 1679 tincta
741 1626 825 1678 nitore
844 1625 944 1692 eaput?

236 1761 239 1770 ,
305 1711 343 1765 Ut
360 1715 454 1765 natura
471 1711 546 1764 dedit
564 1713 601 1765 sie
619 1713 703 1764 omnis
722 1714 793 1764 reeta
810 1709 933 1779 figurast:

356 1796 451 1864 Turpis
469 1796 585 1849 Romano
603 1796 728 1864 Belgicus
746 1811 788 1848 ore
806 1795 882 1848 color.

306 1883 347 1935 An
366 1883 388 1934 si
406 1881 525 1935 caeruleo
544 1880 672 1947 quaedam
691 1897 737 1932 sua
754 1883 874 1947 tempora
891 1877 949 1932 luco
1058 1867 1075 1933 ¹.
1096 1921 1110 1942 .,
1129 1881 1152 1932 9.
1172 1895 1211 1947 sq.

357 1967 475 2020 'finxerit
492 1966 587 2019 idcireo
605 1965 710 2020 caerula
727 1965 810 2018 forma
827 1964 942 2018 bonast?

306 2053 351 2106 Illi
369 2053 418 2106 sub
436 2053 514 2106 terris
532 2051 598 2104 liant
616 2051 688 2104 mala
706 2051 791 2104 multa
808 2050 920 2119 puellae.
1067 2093 1072 2102 .
1093 2092 1107 2114 .‚
1126 2051 1149 2103 Ι).
1169 2055 1207 2117 sq.

358 2153 424 2204 quae
442 2137 554 2190 mentita
573 2152 633 2189 suas
651 2136 732 2189 vertit
749 2136 841 2203 inepta
858 2151 952 2188 comas.

309 2224 378 2288 Quos
396 2223 479 2291 igitur
496 2221 547 2276 tibi
565 2221 696 2282 custodes,
716 2235 781 2286 quae
800 2219 892 2272 limina
910 2235 1013 2293 ponam,
1061 2221 1089 2272 ΙΙ
1107 2221 1131 2284 6,
1156 2219 1196 2275 37.
1217 2237 1266 2289 sqq

315 2357 317 2364 .
359 2308 430 2374 Quae
449 2323 592 2374 numquam
610 2322 688 2374 supra
705 2321 751 2373 pes
769 2305 891 2358 inimicus
910 2306 973 2359 eat?

307 2395 376 2448 Nam
394 2393 463 2447 nihil
480 2393 578 2446 invitae
597 2392 683 2444 tristis
701 2391 821 2444 custodia
838 2390 957 2459 prodest:

360 2481 444 2544 Quam
463 2495 568 2548 peceare
587 2477 670 2546 pudet
688 2476 804 2545 Cynthia
821 2479 882 2529 tuta
899 2479 940 2528 sat
958 2479 1006 2528 est.
1060 2489 1063 2493 ·

307 2566 367 2635 lpse
385 2569 447 2618 tuus
465 2581 568 2632 semper
586 2563 636 2622 tibi
655 2563 691 2616 sit
709 2563 829 2616 custodia
845 2563 937 2625 leetua
1071 2563 1114 2616 ΙΙΙ
1134 2563 1173 2628 11,
1193 2564 1223 2617 13
1236 2581 1274 2632 sq.

359 2651 415 2704 Nee
433 2651 512 2702 nimis
530 2651 622 2702 ornata
639 2648 724 2700 lronte
744 2648 833 2702 sedere
845 2648 920 2702 velia.
948 2713 951 2722 Ι

309 2739 408 2792 Deme
426 2737 463 2788 mi
481 2739 549 2788 certe
568 2735 666 2803 poteris.
683 2735 796 2786 l'omrosa
813 2733 904 2796 videri,
1073 2735 1115 2787 ΙΙΙ
1134 2737 1173 2798 11,
1193 2735 1217 2790 7,
1234 2737 1257 2790 8.

359 2823 398 2876 Mi
415 2821 528 2874 formosa
546 2822 619 2884 satis,
638 2820 754 2872 simodo
773 2835 849 2887 saepe
867 2819 947 2871 venis.

309 2910 375 2963 Cum
392 2908 444 2961 tibi
462 2924 509 2960 nee
526 2906 608 2960 frater
625 2923 672 2959 nee
692 2906 729 2958 sit
746 2904 797 2958 tibi
814 2905 885 2957 filius
902 2903 981 2967 ullus,
1074 2906 1275 2972 11111,11.12.

359 2995 440 3048 frater
458 3011 506 3062 ego
525 2997 552 3046 et
570 2992 620 3045 tibi
639 2993 689 3043 sim
708 2991 779 3043 lilius
796 3007 864 3042 unus
884 3006 939 3058 ego.

309 3081 364 3134 Nos
381 3097 445 3133 uxor
462 3093 614 3145 numquam,
632 3092 775 3144 numquam
794 3094 835 3130 me
854 3075 932 3128 ducet
950 3076 1041 3129 amica.
1074 3077 1102 3131 ΙΙ
1120 3079 1144 3141 6,
1162 3077 1202 3132 41.
1223 3079 1263 3131 42.

362 3167 470 3234 Semper
487 3165 570 3218 amica
587 3163 662 3226 mihi,
681 3179 783 3230 semper
801 3165 828 3214 et
845 3177 909 3214 uxor
926 3162 985 3214 eris.

310 3251 421 3306 Credam
439 3267 488 3320 ego
507 3249 632 3312 narranti,
651 3248 707 3300 noli
725 3247 897 3312 committere,
916 3247 1013 3302 famae:
1077 3248 1276 3313 11111,15.16.

361 3337 397 3390 Et
414 3340 510 3390 terram
528 3352 615 3387 rumor
633 3334 751 3388 transilit
769 3336 796 3386 et
813 3334 901 3386 maria.

220 3478 318 3544 Hanc
340 3484 459 3555 tamen,
490 3495 574 3560 quae
596 3471 643 3535 illi
668 3470 841 3534 videbatur
864 3469 1012 3552 sanandi,
1035 3471 1193 3534 rationem
1218 3493 1277 3558 ego

150 3602 290 3670 prorsus
313 3601 378 3644 non
406 3576 518 3664 probo.
563 3575 645 3636 Nam
676 3584 712 3636 ut
734 3573 911 3636 concedam
934 3595 1064 3638 carmen
1087 3572 1147 3653 Ill,
1171 3575 1221 3641 11.
1243 3576 1278 3637 in

152 3682 326 3750 codicibus
360 3689 446 3744 reete
474 3699 539 3742 non
563 3677 638 3759 legi,
672 3676 801 3762 quade
829 3699 863 3740 re
892 3677 979 3740 infra
1001 3699 1107 3761 agam,
1136 3679 1277 3763 primum

150 3788 298 3874 priorem
321 3791 446 3869 partem
469 3780 622 3848 carminis
646 3779 687 3860 ll,
711 3782 741 3844 6.
772 3801 835 3842 non
868 3789 1013 3844 sanatam
1044 3779 1178 3864 reliquit
1198 3781 1278 3845 Fur-

153 3899 284 3955 stenau.
328 3885 457 3950 Deinde
479 3886 513 3948 in
537 3884 691 3963 carmine,
719 3881 806 3968 quod
828 3881 882 3945 hic
904 3882 1082 3966 proposuit,
1105 3893 1277 3970 postquam

152 4012 279 4078 magno
301 4010 357 4053 ore
373 3987 429 4066 VI,
451 3989 503 4052 41.
520 4009 566 4072 sq.
583 3987 743 4073 promittit
756 3993 853 4071 poeta
867 4005 996 4069 semper
1011 3983 1185 4069 Cynthium
1201 3988 1279 4052 ami·

152 4118 229 4165 eam
253 4103 286 4157 et
301 4113 443 4156 uxorem
468 4090 530 4154 sibi
553 4111 624 4154 esse
647 4089 799 4170 suturam,
823 4109 888 4151 non
912 4086 1020 4173 placet
1041 4089 1130 4173 quod
1144 4088 1203 4172 ΙΙΙ,
1229 4092 1277 4173 11,
