3116 4746
720 325 762 393 23

296 509 391 583 Surge,
410 513 509 582 anima,
527 530 558 570 ex
576 513 675 570 humili
692 514 746 568 iam
764 516 886 581 carmine,
904 514 1002 570 sumita
1020 512 1097 578 vires,

344 599 478 656 Pierides:
495 600 589 670 magni
606 616 677 655 1111
695 601 746 654 erit
763 601 815 654 1111
833 618 907 670 opus.

296 685 352 739 11111
370 687 454 754 negat
470 685 622 756 Euphrates
641 686 757 754 equitem
776 689 838 755 post
855 689 932 758 terga
947 686 1017 740 tueri

346 769 506 826 Parthorum
524 773 552 826 et
569 771 678 826 Crassos
696 787 725 826 se
742 772 861 826 tenuisse
880 771 967 826 dolet:

296 923 465 994 1111111111,
483 925 612 995 Auguste,
630 929 676 981 tuo
695 924 988 996 111111111111111111,
1095 924 1138 978 Ill
1157 926 1180 988 1,
1197 927 1230 978 16
1243 940 1304 996 111,

346 1010 382 1064 Ε1
400 1011 492 1065 domus
510 1012 626 1066 intactae
645 1014 672 1066 te
691 1011 784 1065 tremit
801 1009 927 1065 Arabiae:

297 1094 332 1149 Et
350 1096 428 1165 siqua
446 1096 569 1152 extremis
587 1096 669 1150 tellus
688 1113 716 1151 se
736 1094 873 1152 subtrahit
890 1096 951 1160 cris,

348 1173 452 1236 Sentiet
467 1181 515 1237 illa
532 1185 594 1236 tuas
612 1183 751 1251 postmodo
769 1186 848 1252 capta
864 1198 967 1240 1111111.

298 1265 371 1320 llaec
389 1283 439 1337 ego
456 1271 544 1324 castra
561 1283 667 1337 sequar:
685 1272 760 1324 vates
777 1273 825 1324 tua
841 1271 927 1323 castra
944 1267 1061 1324 canendo

348 1351 462 1422 Magnus
480 1370 538 1408 ero:
557 1356 665 1410 servent
681 1355 752 1410 hunc
769 1355 837 1410 mihi
854 1348 910 1410 1111
928 1353 1012 1408 diem!

298 1507 335 1562 'le
353 1507 420 1561 1111
438 1506 480 1561 vel
498 1507 569 1561 Iovis
587 1525 661 1563 arma
678 1525 770 1563 canam
788 1509 912 1577 caeloque
929 1509 1080 1563 minantem
1105 1506 1143 1560 IV
1160 1509 1185 1574 8,
1198 1509 1231 1562 ll
1245 1525 1303 1578 sqq.

349 1591 449 1649 Coeum
467 1596 495 1647 et
512 1592 669 1664 Phlegraeis
688 1593 868 1650 Oromedonta
884 1595 967 1664 iugis,

301 1677 432 1747 celsaque
450 1677 577 1732 Romanis
596 1679 719 1750 decerpta
735 1680 835 1750 palatia
852 1680 936 1750 tauris

350 1763 446 1818 Ordiar
462 1766 491 1818 et
509 1781 584 1820 caeso
602 1767 708 1820 moenia
725 1766 802 1823 firma
818 1767 910 1832 Remo,

300 1849 470 1918 Eductosque
487 1865 565 1919 pares
583 1851 700 1906 silvestri
718 1868 749 1907 ex
766 1854 846 1909 ubere
863 1869 948 1924 reges

351 1934 460 1991 Crescet
476 1938 505 1991 et
521 1938 660 2007 ingenium
679 1939 726 1994 sub
744 1942 794 1994 tna
809 1940 883 1993 iussa
900 1954 999 2002 meum,
1024 1953 1029 1964 ·

302 2089 450 2159 Prosequar
467 2093 495 2144 et
512 2107 603 2146 currus
619 2095 731 2161 utroque
749 2093 782 2147 ab
799 2093 877 2146 litore
895 2094 1012 2157 ovantes,
1102 2090 1140 2144 IV
1158 2092 1182 2156 8,
1201 2089 1234 2143 53
1246 2105 1304 2160 sqq.

351 2175 510 2230 Parthorum
528 2181 633 2233 astutae
649 2178 704 2232 tela
721 2179 831 2232 remissa
848 2178 936 2247 fugae,
956 2241 958 2248 Ι

302 2260 447 2330 Castraque
465 2261 557 2316 Pelusi
575 2261 693 2317 Romano
712 2262 913 2328 subrutasque,

351 2347 505 2417 Antonique
523 2365 617 2418 graves
634 2349 663 2402 in
680 2365 728 2403 sua
744 2349 800 2405 iata
817 2363 911 2403 manus

303 2432 394 2487 Mollis
411 2437 441 2486 tu
459 2437 567 2504 coeptae
583 2433 670 2489 fautor
687 2451 750 2504 cape
767 2435 824 2490 lora
840 2436 971 2499 iuventae,

353 2519 519 2588 Dexteraque
537 2520 655 2576 inmissis
673 2521 707 2575 da
723 2522 791 2576 mihi
809 2522 887 2591 signa
904 2522 979 2576 rotis.

210 2681 213 2688 '
246 2672 344 2737 Hanc
366 2675 598 2760 conjecturam,
622 2697 720 2761 quam
736 2697 856 2760 magno
872 2675 998 2760 ingenii
1013 2665 1165 2739 acumine
1179 2674 1308 2760 excogi-

182 2784 283 2840 tatam
306 2795 378 2839 esse
399 2775 471 2861 ipse
494 2797 555 2862 ego
577 2775 667 2841 haud
689 2777 888 2863 negaverim,
908 2784 1076 2863 tantopere
1093 2775 1219 2841 Oarutti
1233 2799 1308 2864 pag.

186 2869 257 2947 104.
280 2875 443 2964 probavit,
471 2887 594 2944 utnon
618 2879 723 2944 solum
747 2879 898 2944 omnibus
921 2901 956 2945 se
977 2879 1194 2944 Heimreichii
1216 2901 1310 2965 argu·

184 2982 303 3047 mentis
331 2981 454 3046 victum
489 3003 559 3047 esse
588 2983 752 3068 professus
776 2984 827 3066 sit,
857 2983 1035 3049 sedetiam
1058 3003 1200 3064 carmen,
1223 2981 1311 3070 quod

185 3107 286 3173 supra
308 3083 551 3172 descripsimus,
574 3083 877 3150 Heimreichianum
900 3084 1000 3172 idque
1016 3093 1143 3172 aparte
1159 3085 1310 3173 quadam,

186 3189 227 3254 11
243 3211 308 3276 qua
322 3187 409 3252 infra
424 3187 561 3271 dicetur,
577 3195 738 3253 mutatum
754 3196 790 3252 ut
804 3209 882 3252 vere
897 3186 1148 3274 Propertianum
1163 3188 1312 3254 ediderit.

187 3291 310 3356 Contra
339 3291 409 3377 ipse
434 3313 494 3376 ego
517 3290 616 3377 longe
641 3289 737 3355 aliter
759 3291 874 3355 sentio.
919 3289 1003 3356 Nam
1025 3291 1060 3354 in
1084 3291 1190 3376 elegis
1212 3290 1269 3372 IV,
1293 3295 1312 3359 8

109 3475 112 3480 1
186 3416 229 3459 ne
258 3414 361 3459 unum
385 3393 518 3479 quidem
542 3415 675 3458 versum
698 3415 816 3459 censeo
839 3402 1010 3479 tantopere
1032 3414 1107 3458 oum
1129 3393 1229 3458 totius
1252 3393 1315 3457 ele·
1432 3435 1434 3440 -

188 3497 261 3582 giae
302 3494 441 3561 consilio
476 3518 643 3582 pugnare,
681 3505 718 3560 ut
751 3519 825 3563 eum
861 3496 945 3562 alius
978 3495 1132 3560 carminis
1164 3494 1314 3560 versibus

189 3599 399 3688 aPropertio
429 3599 623 3686 conjunctus
653 3621 723 3664 esse
751 3599 913 3664 videatur.
957 3597 1029 3664 Hoc
1056 3598 1144 3662 enim
1171 3599 1316 3664 carmine

188 3711 286 3789 poeta
317 3724 352 3767 se
385 3702 455 3788 ipse
490 3710 638 3783 accusat,
673 3701 762 3789 quod
782 3701 973 3768 Maecenate
1002 3702 1106 3767 invito
1134 3724 1316 3790 numquam

189 3806 230 3871 ab
263 3805 378 3890 elegiis
412 3803 647 3893 componendis
684 3804 821 3870 desistat
859 3828 968 3892 neque
1000 3828 1157 3893 umquam
1190 3827 1242 3870 res
1276 3805 1317 3871 ab

188 3909 340 3994 Augusto
372 3916 481 3993 gestas
511 3906 677 3973 celebrare
708 3916 844 3972 conatus
867 3909 917 3973 sit.
961 3907 1219 3995 Elegantissime
1240 3931 1317 3974 vero

189 4012 314 4074 ratione
347 4011 394 4077 ita
425 4011 487 4078 hoc
519 4011 711 4098 Propertius
744 4011 886 4076 instituit
918 4018 955 4076 ut
987 4011 1091 4097 ipsius
1118 4010 1318 4076 Maecenatis

190 4111 379 4202 exemplum
402 4135 473 4179 sese
495 4137 565 4180 esse
588 4125 736 4182 secutum
760 4113 960 4203 profiteatur.
1004 4113 1051 4180 Ut
1073 4114 1159 4178 enim
1180 4113 1243 4196 hic,
1267 4115 1320 4184 cui
