3116 4746
696 339 735 404 17

216 525 362 590 Primum
384 533 493 588 autem
517 534 746 609 argumentum
762 528 902 612 sumpsit
916 527 1159 592 Heimreiohius
1176 552 1193 592 e
1208 551 1280 614 par·

147 629 234 693 tium
264 628 487 714 responsione,
526 648 624 713 quam
661 626 695 690 in
724 628 869 693 carmine
902 629 950 711 II,
976 633 1005 699 1.
1042 629 1157 695 abesse
1190 630 1279 695 dicit.

148 731 295 795 Primam
307 731 392 795 enim
408 729 574 817 stropham
588 731 1278 820 000011001001101010(1111101110(111-61),

148 857 168 898 e
186 833 290 899 tribus
306 833 441 898 alteram
458 833 635 919 (oa—70.)
653 833 781 896 tertiam
797 856 909 898 rursus
926 855 943 896 e
957 842 1109 919 quattuor
1121 835 1278 919 distichis,

147 935 214 1001 hoc
243 944 351 1002 autem
382 935 454 1000 fieri
476 956 543 1000 non
566 957 672 1020 posse.
719 934 784 1000 Sed
808 934 870 1000 hoe
891 946 1123 1021 argumentum
1145 961 1279 1024 prorsus

147 1038 235 1103 nihil
256 1037 354 1102 valet.
398 1037 605 1123 Strophieam
627 1038 726 1117 enim,
749 1061 834 1126 quae
855 1048 1002 1119 vocatur,
1025 1043 1207 1104 carminum
1231 1063 1277 1105 re·

148 1142 359 1228 sponsionem
391 1163 590 1228 quamquam
618 1162 734 1204 verum
765 1149 813 1204 est
841 1142 874 1204 in
905 1141 982 1205 lib'ri
1003 1142 1102 1228 primi
1125 1143 1277 1208 omnibus

149 1244 266 1327 elegiis
297 1243 405 1308 locum
433 1243 554 1308 habere
581 1243 702 1322 videri,
725 1251 835 1307 tamen
864 1245 899 1307 in
923 1245 1039 1308 ceteris
1063 1243 1156 1309 libris
1180 1267 1278 1330 saepe
1377 1319 1380 1323 ¹

149 1345 284 1432 quidem
312 1345 370 1412 sed
395 1346 519 1410 nonin
542 1345 694 1412 omnihus
717 1345 918 1412 carminibus
942 1347 1278 1431 agnoscendam'esse

149 1470 193 1510 ex
221 1448 283 1528 eis,
313 1470 396 1534 quae
423 1448 532 1514 adhuc
554 1448 615 1512 hac
637 1449 684 1513 de·
700 1472 736 1514 re
759 1449 925 1535 disputata
947 1451 1072 1530 sunt,*)
1101 1450 1200 1538 plane
1223 1474 1279 1537 ap-

148 1557 253 1634 paret.
286 1549 337 1614 Ita
352 1552 385 1614 111
402 1549 495 1614 libris
512 1550 554 1615 lI.
572 1560 605 1616 et
618 1553 677 1619 111.
694 1553 765 1618 sine
781 1551 850 1614 ulla
865 1550 1025 1636 ejusmodi
1042 1554 1277 1639 compositione

149 1651 283 1716 condita
298 1661 376 1716 sunt
390 1654 537 1717 earmina
551 1655 586 1718 in
601 1654 658 1719 illo
683 1657 722 1735 1.,
738 1657 854 1733 3.-9.,
872 1656 921 1720 10.
937 1655 971 1721 in
988 1653 1050 1718 hoe
1065 1657 1127 1734 23,
1145 1658 1207 1736 28„
1222 1659 1275 1724 32.

147 1755 265 1842 Itaque
287 1777 395 1843 neque
417 1777 492 1819 eum
515 1751 735 1822 Heimreiehio
757 1777 888 1819 versum
910 1756 1138 1820 intercalarem
1162 1758 1250 1823 hunc

339 1893 430 1930 omnes
448 1892 560 1944 namque
578 1876 716 1932 hominnm
734 1879 810 1930 sanat
828 1876 959 1930 medicina
978 1877 1081 1932 dolores

339 1962 411 2015 solus
428 1979 501 2016 amor
518 1962 603 2016 morbi
620 1979 673 2016 non
692 1965 765 2015 amat
783 1961 920 2015 artificem.

148 2072 223 2149 post
251 2087 282 2131 v.
314 2068 364 2131 to.
394 2063 596 2128 inculcemus
625 2085 732 2150 neque
766 2062 946 2149 quidquam
976 2065 1067 2130 aliud
1096 2067 1212 2152 quavis
1241 2069 1275 2131 in

150 2166 275 2250 elegiae
298 2174 390 2251 parte
414 2164 575 2230 excidisse
599 2174 780 2230 statuamus
801 2185 935 2228 neeesse
958 2175 1014 2229 est.

213 2287 288 2352 Jam
312 2307 389 2350 vero
412 2308 492 2349 num
515 2284 581 2350 alia
601 2288 636 2352 111
653 2286 759 2371 elegia
775 2283 934 2371 quaedam
951 2284 1104 2370 legantur
1119 2311 1193 2354 eum
1211 2291 1272 2356 hac

149 2390 335 2474 pugnantia
356 2409 430 2452 eum
446 2387 489 2469 Il,
507 2390 536 2453 1.
559 2389 777 2471 cohaerentia,
800 2389 1041 2455 Heimreichius
1056 2403 1277 2477 perscrutatus

150 2491 341 2578 hujusmodi
363 2513 432 2555 esse
456 2492 624 2557 contendit
646 2513 776 2556 carmen
799 2493 843 2575 ΙΙ,
858 2495 899 2574 4.,
923 2492 1012 2579 quod
1034 2493 1182 2578 partibus
1204 2518 1278 2559 con-

149 2594 249 2657 tineri
276 2595 389 2659 statuit
409 2603 475 2659 tam
499 2595 648 2677 diversis,
672 2603 796 2660 utnon
819 2597 946 2680 possint
966 2597 1065 2660 unius
1088 2596 1212 2681 elegiae
1235 2621 1276 2662 ne

149 2696 333 2781 fragmenta
362 2697 494 2782 quidem
523 2713 622 2762 esse·
648 2697 713 2762 Sed
736 2700 831 2763 etiarn
857 2698 918 2762 hac
941 2699 980 2762 sle
1004 2721 1039 2762 re
1062 2699 1160 2785 longe
1183 2700 1277 2763 aliter

149 2801 264 2864 sentio.
315 2799 400 2878 Nam
433 2808 470 2864 ut
501 2801 694 2866 sententiam
730 2823 822 2864 suam
852 2800 1011 2881 firmaret,
1048 2800 1104 2866 ille
1133 2803 1275 2886 primum

150 2899 231 2966 dicit
257 2902 372 2966 deesse
400 2902 560 2988 quaedam
584 2911 658 2990 post
679 2925 710 2968 v.
733 2905 764 2968 4.
809 2902 1070 2990 Vituperandum
1094 2914 1158 2984 est,
1189 2905 1276 2990 quod

149 3028 217 3069 non
240 3006 402 3090 exposuit,
424 3005 504 3091 quid
526 3005 638 3070 deesse
660 3005 819 3071 videatur.
865 3006 947 3070 Nam
971 3029 1023 3070 me
1037 3006 1150 3092 judice
1167 3008 1277 3070 omnia

150 3109 271 3193 optime
294 3107 487 3193 procedunt.
524 3107 683 3173 Versibus
705 3109 792 3174 enim
811 3111 914 3173 1.-4,
937 3129 1085 3171 normam
1110 3109 1274 3196 quandam

149 3211 336 3295 generalem
359 3218 456 3296 poeta
478 3211 600 3290 statuit,
628 3233 725 3296 quam
748 3220 786 3275 ut
807 3211 960 3297 exemplo
983 3210 1133 3290 illustret,
1160 3213 1277 3297 incipit

151 3312 191 3376 de
222 3335 256 3377 se
286 3315 357 3400 ipso
388 3312 489 3398 loqui.
533 3311 682 3376 Disticho
712 3314 816 3394 enim,
851 3313 939 3399 qnod
970 3314 1133 3399 sequitur,
1168 3314 1276 3379 cultus

151 3413 347 3500 elegantiam
381 3423 413 3479 et
445 3413 582 3478 mollem.
607 3415 768 3479 incessum
800 3415 962 3501 Cynthiae
993 3437 1027 3479 se
1057 3417 1274 3500 gratificatum

151 3539 223 3580 esse
245 3517 435 3603 Propertius
463 3515 629 3602 significat
658 3517 783 3582 scilieet
811 3528 848 3583 ut
878 3519 928 3582 his
960 3517 1086 3581 deliciis
1108 3518 1276 3582 fastidium

150 3619 281 3703 puellae
303 3621 458 3701 vinceret,
486 3619 542 3685 cfr.
566 3618 749 3705 Hertaberg
770 3621 809 3685 ad
834 3621 866 3684 h.
890 3619 911 3684 1.
955 3620 1021 3684 Sed
1043 3621 1163 3684 frustra
1185 3622 1275 3707 (.,ne-

152 3721 346 3808 quiquam“)
375 3722 456 3786 haec
485 3731 588 3786 erant.
636 3721 721 3786 Nam
750 3723 808 3787 tali
838 3723 872 3785 in
905 3745 940 3786 re
962 3745 1028 3786 non
1052 3723 1154 3788 herba
1176 3725 1275 3805 valet,

220 3963 246 4032 *1
264 3963 424 4017 111111101111011
444 3964 531 4016 annal.
550 3963 603 4017 Kil.
627 3981 649 4016 a.
676 3961 750 4016 1854.
786 3963 866 4016 Prien
885 3963 1041 4033 symmetria
1066 3979 1091 4015 u.
1110 3963 1274 4031 Responsicn

151 4048 198 4102 der
214 4055 277 4116 rom.
296 4049 389 4118 Elegia
408 4049 481 4120 1861.
518 4048 697 4103 Drenckhahn
715 4050 787 4123 etin
805 4053 855 4102 aet.
875 4049 960 4102 Berol.
979 4049 1008 4102 in
1029 4065 1106 4102 usum
1124 4065 1213 4118 gyrnn.
1233 4048 1272 4102 ed.

151 4134 225 4188 1868.
245 4136 272 4188 01
288 4135 317 4187 111
334 4134 425 4188 diariis
443 4135 560 4188 Stendal.
581 4134 655 4188 1868.

1103 4238 1121 4291 2
