3116 4746
707 341 748 404 29

166 524 296 609 plaeere
319 524 400 589 mihi
423 525 537 594 videor
559 525 811 610 demonstrasse;
842 526 900 590 sed
927 528 1023 590 etiam
1046 524 1135 590 illam
1160 547 1288 610 compo·

166 629 292 692 sitionis
326 628 521 713 elegantiam
556 650 687 713 prorsus
720 628 843 711 abesse,
870 651 912 694 ex
934 651 999 715 qua
1022 649 1080 691 sex
1102 625 1287 714 particulae,

167 753 304 815 quarum
335 731 484 816 singulae
514 753 573 796 sex
603 730 752 794 versibus
779 733 996 812 continentur,
1026 740 1126 796 totam
1149 728 1286 813 elegiam

164 833 304 897 formare
326 833 438 900 voluit.

624 957 828 968 -a--n--n-

397 1143 437 1206 v.
482 1143 543 1207 uu
566 1141 783 1210 versinus
806 1144 837 1208 v
861 1146 889 1226 1,
910 1146 961 1210 33.
978 1145 1057 1210 -eo

230 1279 268 1342 L.
291 1278 411 1342 Miiller
445 1280 484 1343 de
518 1281 568 1345 his
601 1280 750 1346 versibus
784 1281 905 1366 optime
935 1281 1069 1345 meritus
1092 1289 1200 1342 tamen
1224 1300 1290 1340 non

167 1383 277 1445 omnia
306 1382 352 1445 ita
381 1391 417 1445 ut
446 1381 619 1448 dubitandi
648 1383 738 1448 locus
761 1405 827 1448 non
849 1383 1053 1470 relinquatur
1076 1391 1107 1446 et
1129 1379 1289 1466 quaedam

167 1506 208 1546 ne
238 1494 324 1547 recte
353 1483 486 1569 quidem
517 1485 598 1548 mihi
625 1487 815 1572 exposuisse
843 1486 982 1550 videtur.
1028 1484 1125 1564 Quod
1148 1493 1183 1547 ut
1204 1492 1291 1546 reete

165 1585 374 1670 intellegatur
401 1588 544 1670 primum
575 1589 668 1674 cujus
698 1589 746 1652 rei
769 1610 885 1652 caussa
911 1611 1009 1652 versu
1032 1593 1084 1655 57.
1109 1609 1129 1650 a
1151 1585 1290 1649 llli'dlero

167 1689 288 1774 optime
310 1689 357 1752 ita
379 1688 541 1775 descripto
563 1691 664 1778 praef.
687 1690 776 1755 XLI.

396 1843 502 1881 munere
520 1842 634 1896 namque
652 1829 696 1897 pio
715 1846 793 1882 conor
811 1828 950 1898 disponere
968 1844 1060 1880 versus

168 1945 359 2033 explicetur,
383 1947 605 2033 quaerendum
630 1957 687 2013 est.
733 1948 891 2014 Ordinem
914 1956 1023 2012 autem
1046 1970 1210 2027 versuum,
1234 1949 1290 2032 qui

169 2050 202 2112 in
234 2048 403 2114 codicibus
433 2049 562 2134 legitur,
593 2051 621 2112 si
650 2052 828 2138 sequimur,
859 2072 926 2140 non
953 2052 1023 2114 sine
1046 2061 1133 2115 certo
1157 2049 1291 2113 consilio

170 2153 306 2216 deorum
335 2150 460 2216 scilicet
487 2151 574 2215 Iovis
605 2162 637 2216 et
665 2153 763 2240 lupae
785 2154 922 2218 Martiae
946 2153 1105 2217 auxilium
1129 2174 1199 2216 sese
1222 2173 1292 2236 pre-

168 2277 254 2318 mere
287 2277 383 2319 versu
413 2253 510 2318 allato
539 2264 634 2338 poeta
663 2256 813 2341 exponit3
845 2255 930 2320 velle
960 2257 1048 2320 enim
1077 2254 1291 2341 („namque“)

168 2379 237 2421 sese
260 2357 384 2422 indicat
406 2357 460 2442 pio
483 2378 619 2421 munere
641 2380 755 2440 versus
775 2357 948 2444 disponere
963 2381 1056 2424 sacra
1071 2359 1206 2445 diesque
1222 2379 1292 2421 sese

168 2471 340 2524 eanturum
376 2462 420 2544 (V.
455 2459 521 2546 (39).
564 2460 640 2524 Jam
674 2461 706 2524 id
738 2482 871 2524 monere
891 2459 981 2534 ‚licet
1013 2463 1109 2526 etiam
1143 2459 1292 2525 versibus

167 2566 287 2648 indeq.
312 2563 423 2649 ejectis
446 2563 606 2627 auxilium
630 2563 782 2652 divinum
803 2562 1035 2628 scilieetJovis
1054 2563 1212 2649 principis
1228 2583 1293 2626 om-

167 2668 259 2730 nium
284 2665 419 2730 deorum
442 2664 590 2746 disticho,
615 2666 703 2751 quod
726 2667 832 2730 statim
857 2667 1014 2751 sequitur,
1038 2666 1151 2730 eadem
1167 2664 1293 2729 ratione

168 2769 292 2852 optima
313 2769 428 2854 premi.
473 2769 523 2832 Ac
546 2767 722 2852 deprimis
745 2767 873 2832 duobus
896 2768 1044 2832 distichis
1066 2777 1152 2832 recte
1175 2789 1227 2830 me
1242 2769 1293 2853 ju-

168 2870 240 2934 dice
262 2871 299 2935 L.
323 2870 441 2935 Miiller
458 2870 603 2957 judieat3
627 2879 735 2933 tamen
759 2869 799 2934 de
823 2873 958 2936 summis
978 2870 1150 2954 scrupulis,
1174 2869 1293 2956 quibus

168 2972 225 3036 alii
255 2975 408 3039 commoti
435 2983 520 3054 sunt,
550 2984 587 3037 ut
609 2981 712 3037 totum
735 2972 843 3038 locum
866 2978 1012 3058 spurium
1038 2971 1205 3051 haberent,
1227 2993 1293 3035 non

169 3077 247 3138 satis
270 3074 368 3160 plane
393 3078 469 3162 agit.
494 3075 550 3140 cfr.
574 3071 793 3160 Eschenburg
815 3076 881 3141 obs.
904 3078 974 3142 crit.
997 3078 1030 3140 in
1054 3077 1148 3162 Prop.
1171 3077 1223 3141 43.
1246 3096 1293 3160 sq.

168 3188 201 3242 et
221 3178 412 3263 Liitjohann
437 3203 553 3244 comm.
583 3182 634 3247 26.
658 3201 705 3263 sq.
749 3179 891 3244 Possunt
912 3192 1020 3245 autem
1043 3179 1077 3242 hi
1099 3200 1212 3241 versus
1234 3198 1294 3262 pro

170 3281 320 3366 exemplo
350 3305 420 3347 esse
450 3279 687 3366 interpretandi
716 3283 851 3345 rationis
883 3282 1039 3346 audaciae
1062 3280 1188 3366 plenae,
1212 3301 1295 3366 quae

168 3407 257 3458 nunc
280 3385 391 3449 multis
413 3386 530 3471 placet.
573 3384 657 3448 Nam
681 3405 746 3448 non
769 3385 813 3464 id,
838 3385 925 3472 quod
947 3408 1036 3451 nunc
1052 3383 1294 3463 multifaciant,

169 3487 265 3552 nobis
296 3488 460 3572 agendum
485 3497 543 3566 est,
577 3495 613 3550 ut
635 3487 729 3572 quasi
751 3486 844 3552 furca
865 3509 979 3552 versus
1002 3487 1216 3572 expellamus,
1238 3485 1295 3550 sed

158 3599 207 3654 -ut
223 3589 443 3670 difficultates,
468 3611 552 3675 quae
569 3599 752 3668 occurrant,
776 3611 976 3675 superemus.
1009 3589 1125 3674 Itaque
1141 3611 1215 3653 cum
1232 3590 1295 3652 sin-

170 3693 248 3777 gula
270 3693 431 3779 quaedam
455 3715 542 3757 nova
564 3691 699 3756 alluturi
715 3692 817 3754 simus
840 3713 906 3755 non
922 3689 1038 3755 inutile
1053 3701 1102 3754 est
1117 3714 1202 3778 quae
1217 3692 1296 3754 viris

171 3795 274 3860 doctis
297 3795 420 3859 fuerint
442 3794 624 3874 offensioni,
647 3793 791 3858 breviter
805 3793 1004 3858 examinare.
1033 3794 1084 3857 Ac
1097 3816 1227 3858 versum
1244 3797 1295 3861 23.

171 3901 228 3984 qui
249 3898 437 3984 perlegerit,
460 3907 546 3960 certe
569 3917 694 3982 „parva
709 3897 818 3960 minus
834 3896 937 3961 urbe“
960 3896 1147 3982 conjungit·
1171 3896 1296 3960 Tamen

171 4003 217 4065 ita
239 4001 401 4065 sententia
423 4020 503 4063 sana
532 4020 599 4063 non
622 3997 772 4063 efficitur.
816 3999 901 4064 Nam
924 4000 1098 4064 Passeratii
1121 3999 1296 4086 explicatio

170 4112 256 4168 recte
279 4113 364 4168 stare
387 4103 518 4190 nequit:
548 4101 698 4166 Bovillae
726 4103 812 4166 enim
835 4125 909 4188 gen.
933 4104 1017 4186 sing.
1040 4123 1083 4165 ex
1103 4124 1184 4166 voce
1206 4101 1297 4167 urbis
