3116 4746
814 297 855 370 22

269 510 359 558 mum
392 488 546 577 viresque
577 509 652 556 suas
687 496 732 576 (v.
762 493 826 576 11.)
863 500 894 555 et
921 492 1108 578 Augustum
1139 491 1184 580 (v.
1214 489 1278 579 15.)
1301 497 1400 578 poeta

269 595 412 660 affatur?
454 595 531 659 Jam
554 595 702 680 Scaliger
733 605 768 658 ut
796 595 907 682 aliquo
937 593 1033 658 modo
1060 595 1279 682 conjecturam
1302 616 1399 658 suam

266 699 396 764 fulciret
423 697 541 762 verba:
573 697 740 779 „scribant
772 697 812 761 de
834 706 866 761 te
888 696 941 761 vel
960 681 1009 759 sis
1030 696 1144 782 ignota
1165 697 1300 761 licebit“
1322 719 1398 760 oum

268 802 423 866 carminis
461 800 580 864 decimi
616 801 681 864 fine
718 801 905 896 copjunxit3
944 799 1000 863 sed
1034 801 1131 863 etiam
1163 800 1214 863 his
1247 800 1400 865 versibus

267 925 388 967 nomen
412 902 592 988 Cynthiae,
624 902 666 966 ad
697 926 795 988 quam
823 903 887 966 tria
916 902 996 966 baec
1023 901 1162 966 disticha
1182 905 1304 990 scripta
1325 925 1399 968 esse

265 1008 451 1085 videantur,
475 1016 583 1068 tamen
606 1027 672 1069 non
696 1004 797 1090 plane.
816 1005 944 1071 dicitur.

330 1125 395 1190 Sed
420 1124 549 1188 obstant
570 1124 674 1188 multo
698 1125 860 1208 graviora.
904 1123 1056 1209 Namque
1079 1125 1171 1188 nullo
1194 1125 1291 1190 modo
1308 1126 1398 1190 codi-

267 1252 342 1293 cum
373 1228 597 1292 auctoritatem
625 1229 671 1289 ita
693 1235 730 1289 ut
751 1227 898 1312 Scaliger
920 1227 1005 1306 fecit,
1027 1226 1203 1311 neglegere
1226 1228 1310 1294 licet.
1356 1228 1399 1292 In

268 1332 420 1395 omnibus
443 1329 531 1393 enim
567 1327 736 1393 codicibus
770 1330 840 1394 sine
871 1327 940 1393 ullu
969 1331 1161 1414 exceptione
1190 1342 1264 1416 post
1284 1354 1315 1394 v.
1339 1334 1396 1398 26.

267 1433 477 1498 interstitium
507 1439 566 1512 est,
589 1431 741 1495 nonnulli
763 1431 841 1496 libri
862 1432 1079 1515 manuscripti
1101 1441 1133 1495 et
1151 1417 1400 1496 'vetustissimae'

268 1536 427 1604 editiones
450 1555 565 1598 versus
588 1537 735 1600 27.-33‚
754 1534 957 1599 constituunt
971 1542 1157 1619 separatum
1176 1556 1318 1616 carmen,
1343 1538 1400 1600 cui

267 1639 381 1704 titulus
417 1636 481 1719 „ad
512 1635 711 1722 Cynthiam“
738 1636 903 1701 tribuitur.
953 1639 1063 1724 Atque
1092 1640 1126 1700 in
1155 1637 1217 1701 hac
1244 1659 1279 1701 re
1308 1649 1400 1725 certe

267 1740 545 1828 acquiescendum
569 1750 627 1819 est,
651 1740 716 1802 nisi
738 1739 820 1802 forte
842 1761 917 1803 cum
932 1739 1145 1804 Lachmanno
1161 1739 1300 1826 aliisque
1315 1741 1399 1803 viris

267 1844 371 1907 doctis
399 1842 605 1928 suspicemur
632 1841 725 1904 initio
749 1839 874 1926 elegiae
896 1842 956 1907 XI.
979 1843 1000 1905 1.
1024 1863 1051 1906 e.
1075 1852 1151 1906 ante
1173 1842 1275 1907 verba
1296 1843 1398 1923 „scri-

264 1944 346 2010 bant
368 1945 408 2010 de
431 1950 484 2008 te“
506 1964 620 2007 versus
645 1941 803 2028 quosdam
827 1943 999 2009 excidisse.

329 2065 404 2129 dam
442 2080 483 2128 ex
521 2064 567 2126 eis
601 2085 685 2148 quae
719 2062 813 2127 attuli
847 2075 983 2150 apparet
1016 2087 1058 2128 ex
1091 2086 1203 2128 eorum
1237 2086 1396 2128 versuum

264 2190 412 2248 numero,
436 2189 518 2253 quos
541 2166 670 2230 codices
693 2165 860 2248 exhibent,
882 2168 1002 2252 viginti
1025 2189 1083 2230 sex
1105 2167 1231 2252 elegiae
1247 2167 1397 2232 decimae

266 2293 337 2334 esse
358 2269 561 2334 tribuendos.

330 2389 390 2452 His
412 2390 601 2476 praemissis
624 2397 829 2452 transeamus
852 2388 893 2452 ud
914 2391 1144 2474 conjecturam,
1164 2397 1267 2484 ⁴quam
1284 2390 1396 2454 Heim-

266 2485 594 2578 reichius'proposuit
613 2493 659 2555 ita
674 2513 747 2554 cum
765 2491 872 2576 elegia
885 2490 945 2572 ΙΙΙ,
964 2494 993 2556 1.
1010 2513 1123 2554 versus
1139 2492 1196 2572 IV,
1209 2496 1239 2560 8.
1254 2496 1305 2559 47.
1322 2515 1394 2579 sqq.

266 2592 513 2680 conjungendos
543 2616 614 2658 esse
646 2602 790 2658 statuens
818 2603 855 2658 ut
876 2595 987 2682 ejectis
1008 2593 1158 2658 versibus
1181 2595 1240 2678 Ill,
1258 2599 1287 2679 1,
1311 2601 1338 2663 t.
1363 2601 1393 2664 8.

265 2696 327 2761 hoc
349 2697 445 2762 modo
469 2719 540 2761 sese
562 2697 664 2762 verba
686 2697 868 2783 excipiant:

384 2851 421 2906 Vt
439 2856 521 2920 caput
538 2852 567 2905 in
586 2853 692 2921 magnis
710 2851 756 2904 ubi
774 2868 828 2905 non
847 2854 888 2904 111
905 2855 1016 2921 tangere
1034 2853 1129 2920 signis,
1186 2851 1229 2906 ΙΙΙ
1247 2855 1270 2916 1,
1289 2854 1331 2907 21.

435 2938 550 2992 Ponitur
567 2938 612 2992 hio
630 2937 698 2990 imos
715 2939 778 2990 ante
796 2953 892 2991 corona
909 2937 998 3006 pedes,

385 3024 428 3078 Sic
446 3041 496 3078 nos
514 3040 593 3088 nunc,
612 3024 707 3092 inopes
724 3022 812 3076 laudis
831 3023 1007 3077 conscendere
1026 3024 1140 3091 culmen,

433 3109 601 3177 Pauperibus
620 3109 701 3162 sacris
719 3109 786 3162 vilia
803 3111 865 3162 tura
883 3107 986 3161 damus.

384 3193 509 3248 Nondum
529 3195 630 3248 etenim
649 3195 776 3248 Ascraeos
795 3196 896 3248 norunt
913 3211 972 3248 mea
990 3197 1107 3250 carmina
1123 3197 1211 3251 fontes

436 3279 487 3335 Sed
506 3280 583 3334 modo
601 3279 737 3333 Permessi
754 3279 863 3334 flumine
880 3280 949 3334 lavit
966 3281 1056 3336 Amor.

386 3433 437 3489 Sed
457 3439 564 3504 tompus
582 3434 697 3489 lustrare
716 3434 776 3488 aliis
795 3433 924 3490 Helicona
941 3437 1052 3502 choreis,
1184 3438 1234 3504 111,
1253 3441 1267 3492 1
1287 3455 1343 3509 sqq.

433 3521 470 3574 st
487 3537 608 3590 campum
627 3521 753 3575 Emathio
771 3522 904 3576 iam'dore
922 3525 1029 3592 tempus
1047 3539 1121 3590 equo.

382 3606 440 3662 Iam
457 3608 527 3661 libet
544 3610 572 3660 et
589 3605 671 3660 fortes
690 3621 836 3661 memorare
854 3607 888 3660 sd
906 3609 1007 3676 proelia
1025 3612 1125 3662 tunnas

432 3692 468 3747 Et
485 3693 606 3746 Romana
622 3693 675 3745 mei
692 3685 777 3746 'dicere
796 3697 881 3746 castra
899 3693 981 3747 ducis,

384 3779 459 3846 Quod
478 3779 500 3832 si
520 3779 645 3833 deficiant
661 3779 740 3839 vires,
759 3779 867 3832 audacio
885 3783 955 3843 certe

431 3867 503 3919 Laus
522 3866 586 3918 erit:
605 3864 633 3916 in
651 3865 756 3932 magnis
776 3868 804 3918 et
822 3866 937 3919 voluisse
956 3871 999 3920 sat
1016 3870 1064 3920 est.

381 4017 460 4072 Nunc
476 4020 535 4073 volo
554 4017 683 4071 subducto
703 4020 807 4087 gravior
825 3997 963 4088 procedere
980 4020 1063 4083 voltu,
1188 4021 1231 4076 III
1254 4026 1276 4090 1,
1296 4025 1311 4076 9
1329 4040 1387 4095 sqq,

431 4104 509 4161 Nunc
526 4106 606 4159 eliam
625 4105 754 4159 citharam
774 4121 816 4158 mc
833 4121 893 4160 mea
911 4106 987 4160 Musa
1006 4106 1109 4164 docet'
