3116 4746
808 309 850 379 26

267 497 397 568 codices
420 509 601 585 servarunt,
624 499 696 566 loco
719 505 837 590 posuit.
881 501 974 566 Haec
996 497 1083 566 enim
1106 497 1188 566 ratio
1202 499 1400 587 praesertim

261 627 339 698 naam
370 604 411 671 ob
435 627 586 670 caussam
616 605 787 690 aptissima
816 613 876 690 est,
904 602 994 691 quod
1014 599 1103 669 totus
1123 602 1207 668 liber
1229 603 1271 671 ll.
1295 625 1399 691 quam
1491 655 1495 662 .
1545 601 1546 624 ¹

267 707 411 774 maxime
434 716 606 795 corruptus
635 715 732 794 atque
762 706 924 772 laceratus
947 713 996 771 est
1024 705 1188 792 hujusque
1218 704 1296 772 libri
1324 715 1400 770 tum

268 809 352 875 aliae
368 809 409 876 de
426 810 546 898 quibus
562 818 669 897 potest
684 807 827 876 dubitari
842 819 911 876 tum
925 809 988 876 hae
1003 809 1106 874 latent
1119 807 1273 876 lacunae:
1289 816 1398 895 postu.

269 918 298 992 7,
323 915 379 997 123
409 916 439 995 8,
470 913 522 982 12.
553 914 603 980 14.
636 914 686 981 16.
715 915 765 980 20.
796 916 853 998 24ς
886 917 915 994 9,
946 914 997 980 40.
1042 911 1117 993 Qua
1139 919 1247 976 autem
1270 912 1399 976 ratione

268 1012 512 1080 Heimreichius
534 1015 696 1097 lacunam,
720 1037 818 1101 quam
842 1013 1048 1080 statuendam
1071 1035 1141 1079 esse
1167 1015 1400 1095 concessimus,

225 1157 229 1165 ·
268 1118 464 1206 impleverit,
480 1120 552 1206 jam
574 1140 674 1208 supra
695 1117 926 1183 indicavimus.

333 1222 384 1288 Ac
400 1221 472 1308 jam
494 1219 724 1300 concedamus,
746 1219 782 1284 id
804 1220 894 1307 quod
915 1241 1017 1305 supra
1038 1240 1171 1306 prorsus
1191 1219 1398 1302 negavimus,

270 1323 318 1389 IV
340 1328 370 1405 8,
402 1327 454 1393 47.
478 1345 527 1409 sq.
557 1322 628 1387 loco
658 1343 756 1408 quem
779 1323 908 1388 codices
931 1321 1080 1410 indicant
1105 1330 1193 1386 recte
1221 1343 1288 1386 non
1315 1320 1398 1406 legi3

271 1426 352 1508 duo,
387 1425 429 1490 de
460 1425 580 1512 quibus
607 1423 822 1492 Heimreichii
850 1425 1072 1512 conjecturam
1101 1423 1179 1488 ferri
1207 1446 1272 1489 non
1301 1445 1399 1510 posse

274 1528 527 1608 demonstratur,
554 1526 590 1590 in
618 1535 772 1613 promptu
800 1526 905 1594 habeo
934 1536 1137 1614 argumenta.
1180 1526 1280 1593 Nullo
1310 1527 1399 1592 onim

270 1629 368 1696 modo
390 1629 527 1696 concedi
549 1637 656 1716 potest
678 1637 818 1715 poetam,
841 1639 1014 1717 postquam
1037 1638 1127 1694 tanto
1150 1651 1206 1694 ore
1223 1629 1293 1715 jam
1308 1649 1399 1694 nunc

270 1733 413 1819 Augusti
440 1730 622 1819 triumphos
646 1753 680 1796 se
703 1731 943 1797 celebraturum
965 1730 1029 1797 hoc
1051 1740 1160 1797 autem
1183 1732 1328 1796 carmine
1351 1731 1399 1816 ip-

270 1859 341 1901 sum
365 1857 522 1920 magnum
543 1835 688 1900 futurum
712 1855 783 1898 esse
806 1833 1019 1921 praedicavit,
1042 1833 1149 1899 subito
1172 1834 1215 1899 ad
1230 1857 1291 1916 res,
1306 1836 1401 1918 inter

271 1953 355 2025 quas
384 1947 417 2003 et
437 1938 625 2022 Augustum
650 1934 734 2000 nihil
756 1936 939 2002 intercedat
960 1935 1196 2017 similitudinis,
1219 1939 1399 2003 oraticnem

272 2039 507 2106 deflecterent
535 2038 578 2104 ad
599 2038 693 2105 Jovis
722 2061 823 2120 arma,
851 2038 986 2122 Palatia,
1016 2040 1147 2106 moenia
1168 2039 1271 2121 Remi,
1293 2061 1399 2125 reges.

270 2142 343 2220 Hoc
359 2143 430 2230 jam
443 2139 715 2228 Eschenbnrgius
737 2141 771 2206 in
795 2141 878 2207 libro
901 2142 993 2208 misc.
1015 2142 1122 2206 Bonn.
1144 2163 1220 2229 pag.
1243 2145 1294 2210 95.
1315 2143 1400 2208 bene

272 2247 386 2326 sensit,
420 2266 619 2331 quamquam
656 2264 722 2309 non
758 2244 836 2308 satis
870 2243 1023 2321 distincte
1045 2245 1209 2330 exposuit.
1253 2245 1303 2310 Ac
1324 2245 1403 2311 licet

271 2346 497 2435 Lutjohannes
519 2368 635 2411 comm.
658 2347 753 2433 Prop.
777 2368 853 2432 pag.
867 2350 918 2416 78.
933 2347 976 2411 ad
990 2346 1088 2429 „vel“
1103 2346 1296 2434 particulam
1313 2357 1401 2413 recte

274 2449 415 2534 digitum
437 2449 623 2529 intenderit,
647 2470 713 2535 qua
734 2447 844 2534 aliquo
865 2447 961 2514 modo
984 2470 1059 2524 cum
1082 2450 1141 2532 111,
1166 2453 1182 2516 1
1206 2472 1321 2516 versus
1343 2450 1402 2534 LV,
1428 2537 1431 2544 .
1549 2443 1550 2454 ¹

273 2557 303 2633 8,
328 2556 381 2620 47.
405 2575 453 2639 sq.
478 2549 700 2616 consarcinati
726 2571 822 2637 posse
845 2550 1005 2635 conced03
1028 2561 1139 2618 tamen
1161 2575 1274 2618 versus
1296 2552 1354 2635 IV,
1370 2557 1401 2634 8,

274 2659 328 2724 47.
358 2677 407 2742 sq.
437 2663 607 2741 tantopere
637 2673 711 2717 cum
739 2652 797 2734 eis,
827 2675 911 2739 quae
940 2655 975 2719 in
997 2657 1197 2744 panegyrico
1219 2656 1278 2721 illo
1299 2655 1359 2736 III,
1385 2660 1401 2722 1

275 2756 444 2843 usquead
466 2778 599 2821 versum
623 2758 675 2824 20.
698 2754 740 2819 ad
751 2756 938 2841 Augustum
961 2756 1164 2823 laudandum
1186 2759 1306 2822 cecinit
1326 2758 1403 2822 Pro·

273 2859 408 2946 pentius,
432 2881 498 2924 non
522 2880 703 2944 congruere
714 2857 880 2939 videntur,
900 2868 936 2923 ut
952 2859 992 2923 de
1008 2862 1197 2948 conjectura
1213 2881 1267 2924 ecs
1284 2862 1403 2925 inferre

274 2963 309 3026 in
333 2961 473 3046 elegiam
495 2961 555 3043 ΙΙΙ,
580 2963 597 3028 1
622 2983 674 3025 me
690 2960 805 3047 judice
828 2961 918 3026 nullo
941 2962 1039 3027 modo
1061 2962 1168 3032 liceat.
1205 2962 1328 3029 Versus
1343 2964 1404 3048 igi-

274 3063 389 3128 toer
411 3068 440 3146 8,
463 3066 515 3133 47.
537 3086 597 3150 sq,
621 3083 702 3149 quos
725 3071 776 3127 sat
796 3062 880 3128 bene
902 3064 974 3130 loco
998 3087 1096 3152 quem
1120 3065 1248 3130 codices
1270 3065 1404 3130 tradunt

277 3166 344 3251 legi
375 3187 474 3252 snpra
508 3166 696 3231 monuimus
728 3166 775 3232 ita
809 3187 883 3230 cum
907 3165 966 3248 lll,
992 3171 1025 3232 1.-
1064 3165 1306 3250 Heimreiphius
1327 3190 1404 3233 con·

269 3268 395 3356 junxit,
424 3277 460 3333 ut
489 3290 532 3332 ne
564 3277 614 3333 sat
635 3268 768 3355 quidam
793 3278 902 3354 aptum
928 3276 959 3332 et
982 3269 1089 3355 qualis
1112 3280 1319 3356 exspectetur
1341 3272 1404 3336 ele·

275 3372 350 3456 gine
372 3369 471 3434 finem
494 3372 681 3437 confecerit.

340 3471 406 3538 Sed
435 3472 563 3538 accedit
591 3474 729 3539 alterum
759 3483 1000 3559 argumentum.
1044 3474 1233 3541 Rotundum
1262 3477 1350 3541 enim
1372 3485 1405 3542 et

277 3574 367 3664 qnod
388 3576 497 3662 ipsum
519 3598 578 3662 pro
592 3598 636 3642 ‚se
661 3575 781 3641 clamet
801 3598 935 3646 carmen
957 3585 995 3642 ut
1016 3577 1145 3661 efficiat,
1168 3600 1284 3644 versus
1306 3579 1403 3661 1111,

278 3684 307 3746 7.
330 3682 360 3747 8.
383 3676 595 3766 interpolatos
619 3679 944 3744 esseHeimreichius
967 3680 1135 3745 contendit
1156 3701 1231 3768 pag.
1253 3685 1305 3749 29.
1338 3681 1405 3748 Sed

277 3781 339 3846 hoc
359 3779 441 3846 mihi
462 3781 551 3847 nullo
574 3781 671 3847 modo
694 3783 865 3869 persuasit.
909 3783 993 3847 Nam
1016 3783 1158 3869 primum
1175 3786 1404 3870 argumentum

278 3883 367 3970 quod
390 3882 497 3949 attulit
518 3906 634 3949 versus
652 3888 679 3953 7.
696 3889 725 3954 8.
745 3885 876 3950 laedere
892 3894 1086 3950 structuram
1103 3888 1266 3967 carminis
1284 3887 1405 3974 quippe

279 4007 378 4072 quam
401 3986 505 4073 ipsam
529 3987 744 4074 conjectando
767 3987 904 4069 dederit,
928 3984 1011 4051 nihil
1033 3985 1143 4053 valere
1166 3990 1223 4054 vix
1246 3989 1405 4076 estquod

278 4111 441 4156 moneam.
485 4090 559 4155 Non
591 4099 698 4155 autem
730 4091 893 4180 quadrare
925 4088 1008 4156 illud
1037 4089 1200 4160 distichon
1229 4113 1305 4158 cum
1334 4114 1405 4160 sen·
