3116 4746
821 321 861 386 16

279 507 408 590 spurios
431 507 599 572 contendit
626 516 658 572 et
679 528 795 571 versus
820 511 869 575 15.
894 509 943 575 16.
967 508 1001 570 in
1025 507 1162 572 dubium
1185 508 1316 571 vocavit
1338 505 1402 570 hoc

169 627 171 633 ’
279 607 363 672 nihil
385 603 449 673 ni'si
471 631 641 691 summam,
665 633 730 697 qua
753 633 882 697 semper
901 611 935 674 in
959 610 1158 676 carminibus
1178 610 1401 694 Propertianis

279 709 485 794 explicandis
508 725 671 798 grassatus
695 724 751 795 est,
774 723 911 778 testatur
932 714 1113 778 audaciam.

342 811 381 876 In
397 814 547 900 symbola
569 816 681 901 philol.
704 817 808 882 Bonn.
833 817 876 898 Il,
899 820 972 886 683.
995 816 1132 901 probata
1152 815 1220 896 illa,
1244 838 1341 901 quam
1365 815 1399 896 in

280 924 403 1000 quaest.
427 917 524 1004 Prop.
548 918 695 1000 dederat,
719 922 908 1007 conjectura
927 941 1059 984 carmen
1082 919 1169 1000 11,1.
1193 919 1227 981 in
1250 918 1315 980 duo
1332 937 1402 980 esse

280 1015 499 1084 dirimendum
537 1045 656 1088 novam
678 1023 921 1088 Heimreichius
956 1023 996 1087 de
1026 1023 1128 1086 altera
1157 1042 1256 1106 quam
1289 1020 1403 1084 statuit

279 1118 382 1204 elegia
412 1121 459 1204 ΙΙ,
488 1127 503 1190 1
527 1125 566 1189 B.
590 1125 724 1191 addidit.
770 1125 892 1192 Versus
922 1127 1010 1190 enim
1035 1124 1076 1206 11,
1103 1127 1133 1204 4,
1158 1126 1304 1190 la-aa
1329 1130 1402 1208 post

280 1221 322 1302 ΙΙ,
340 1227 368 1302 1,
392 1228 433 1292 70
455 1228 633 1292 inculcavit
655 1231 700 1292 ita
721 1239 757 1292 ut
778 1230 879 1294 verba
901 1231 948 1293 ita
969 1251 1041 1293 sese
1063 1227 1243 1314 excipiant:

466 1346 564 1401 Omnes
581 1349 710 1402 humanos
729 1353 805 1404 sanat
823 1350 952 1404 medicina
970 1350 1085 1404 doloresz
1250 1345 1272 1410 1,
1290 1343 1332 1396 57.

518 1434 589 1486 solus
608 1451 679 1488 amor
697 1436 781 1488 morbi
799 1453 851 1488 non
869 1440 940 1489 amat
957 1436 1093 1490 artificem.

382 1572 388 1584 ,
466 1517 552 1572 Tarda
567 1519 732 1574 Philoctetae
751 1522 855 1574 sanavit
873 1538 947 1574 crura
963 1521 1100 1584 Machaon,

517 1606 656 1660 Phoenicis
676 1607 773 1662 Chiron
791 1608 893 1662 lumina
910 1607 1079 1677 Phillyrides,

467 1695 494 1746 et
512 1691 576 1745 deus
594 1694 739 1747 extinctum
757 1694 859 1748 Cressis
877 1694 1034 1763 Epidaurius
1052 1692 1141 1747 herbis

517 1778 636 1832 restituit
653 1780 746 1847 patriis
764 1779 938 1849 Androgeona
954 1779 1028 1844 focis,

466 1863 557 1932 Mysus
576 1866 604 1916 et
621 1864 768 1918 Haemonia
786 1866 889 1919 iuvenis
909 1881 960 1932 qua
978 1864 1086 1933 cuspide
1105 1863 1198 1916 volnus

520 1948 638 2003 senserat
654 1950 703 2004 hac
720 1952 779 2020 ipsa
796 1951 903 2019 cuspide
922 1950 1007 2003 sensit
1024 1967 1108 2018 opem.
1252 1947 1274 2008 l,
1293 1944 1334 1996 64.

467 2067 522 2126 Hoc
540 2070 563 2123 si
582 2071 641 2138 quis
660 2071 755 2124 vitium
773 2071 871 2139 poterit
888 2070 955 2123 mihi
973 2069 1084 2134 demere,
1103 2069 1175 2122 solus
1252 2065 1275 2128 1,
1293 2062 1333 2117 65,

519 2154 662 2210 Tantaleae
680 2157 778 2225 poterit
795 2156 898 2210 tradere
916 2173 995 2224 poma
1013 2171 1106 2208 manu:

466 2238 538 2292 dolia
555 2241 682 2309 virgineis
700 2241 769 2294 idern
786 2242 832 2295 ille
849 2242 990 2310 repleverit
1007 2241 1079 2293 umis

516 2342 548 2378 ne
566 2329 657 2379 tenera
674 2326 779 2380 assidua
796 2328 863 2380 11111
880 2330 1021 2396 graventur
1038 2341 1118 2393 aqua:

466 2409 536 2464 idem
555 2410 681 2465 Caucasia
699 2413 784 2464 solvet
801 2412 833 2465 de
851 2429 914 2480 rupe
932 2403 1084 2465 Promethei

517 2497 639 2550 bracchia
657 2501 684 2550 et
702 2496 820 2550 emedio
838 2501 944 2564 pectere
962 2497 1045 2564 pellet
1063 2513 1151 2549 aveni:
1251 2492 1273 2555 l,
1293 2486 1333 2543 70.

466 2599 519 2636 non
536 2583 580 2636 hie
597 2583 678 2638 herba
696 2584 775 2648 valet,
794 2599 846 2636 non
864 2583 907 2635 hie
925 2587 1061 2645 nocturna,
1081 2581 1197 2651 Cytaeis,
1249 2579 1274 2642 4,
1294 2576 1333 2630 ll.

518 2686 570 2722 non
588 2668 756 2724 Perimedaea
774 2670 894 2738 gramina
911 2672 1103 2722 sochomanus.
1250 2664 1275 2728 4,
1294 2663 1334 2716 18.

473 2789 570 2858 quippe
589 2789 634 2842 ubi
652 2806 700 2843 nee
718 2807 809 2843 causae
827 2806 875 2843 1111
893 2791 998 2857 apertos
1016 2788 1145 2842 cernimus
1163 2785 1232 2839 ictus
1250 2783 1274 2848 4,
1295 2783 1333 2836 19.
1374 2815 1375 2818 =

519 2874 587 2928 unde
606 2880 694 2929 tamen
713 2877 822 2928 veniant
840 2879 881 2928 111
898 2875 969 2928 111111
986 2891 1061 2928 caeca
1078 2875 1154 2926 viast.

467 2978 520 3015 non
538 2965 600 3030 eget
617 2962 661 3015 hie
678 2962 796 3024 medicis,
814 2979 866 3014 non
884 2961 961 3014 lectis
979 2960 1105 3013 mollibus
1123 2974 1208 3026 aeger,

518 3045 580 3099 huie
597 3046 699 3099 nullum
718 3047 783 3099 caeli
801 3049 907 3113 tempus
926 3049 954 3098 et
971 3061 1034 3098 aura
1052 3047 1138 3098 nocet:

467 3116 631 3185 aurbulot'et
648 3132 737 3185 subito
755 3132 884 3185 mirantur
901 3131 982 3184 funus
1001 3131 1092 3184 amici:

520 3217 557 3270 sio
575 3220 617 3270 est
634 3217 779 3280 incautum,
799 3216 927 3284 quidquid
945 3216 1057 3268 habetur
1075 3232 1153 3268 amor.

468 3319 529 3356 nam
548 3303 589 3356 eui
607 3319 661 3356 nou
679 3319 727 3370 ego
747 3319 804 3354 sum
822 3302 911 3356 fallaci
929 3302 1044 3370 praemia
1062 3300 1136 3354 vati?

520 3404 587 3454 quae
605 3405 664 3442 mea
681 3405 733 3440 non
751 3387 856 3442 deciens
874 3387 977 3441 somnia
993 3388 1081 3440 versat
1099 3386 1183 3438 anus?
1237 3383 1274 3447 -l,
1292 3382 1334 3436 26.

471 3507 677 3576 quandocunque
696 3509 779 3576 igitur
797 3509 880 3561 vitam
898 3525 957 3561 mea
974 3507 1030 3560 fata
1047 3508 1193 3575 reposcent,
1253 3505 1276 3568 1,
1295 3504 1335 3557 71.

520 3596 548 3647 et
564 3594 643 3647 breve
661 3595 689 3646 in
709 3595 803 3663 exiguo
821 3599 948 3646 1111111111
967 3609 1063 3648 nomen
1082 3608 1134 3655 ero,

468 3681 615 3743 Maecenas,
635 3683 740 3733 nostrae
757 3695 818 3748 pars
836 3679 967 3732 invidiosa
984 3679 1114 3741 iuventae,

521 3767 557 3820 Et
573 3767 645 3820 vitae
663 3770 691 3820 11
708 3767 786 3820 morti
805 3766 889 3835 gloria
906 3766 977 3818 iusta
994 3781 1076 3827 meae,

470 3854 498 3907 si
517 3856 544 3906 te
562 3853 629 3906 forte
648 3869 706 3906 meo
725 3851 803 3905 ducet
820 3853 863 3906 via
880 3853 998 3920 proxima
1015 3851 1103 3913 busto,

519 3937 620 3992 Esseda
637 3937 746 3991 caelatis
765 3938 830 3990 siste
848 3938 977 3990 Britanna
994 3936 1074 4004 iugis,

469 4024 594 4090 Taliaque
612 4024 780 4077 inlacrimans
798 4026 887 4076 mutae
905 4023 960 4075 1111
978 4021 1058 4074 verba
1074 4021 1194 4074 favillae:

520 4109 597 4162 ‘Huic
614 4110 708 4162 misero
726 4109 811 4161 fatum
830 4107 894 4161 dura
911 4107 1002 4176 puella
1018 4105 1087 4159 fuit!
