3116 4746
752 304 834 375 ‘32

251 499 353 579 vias“,
382 500 523 585 quaein
547 497 714 564 codicibus
738 506 877 580 exstant,
900 499 947 563 ita
969 498 1152 585 conjunctis
1172 498 1380 580 haereamus,

253 609 289 664 ut
311 600 496 682 ,‚Fidenas“
519 600 683 688 adjectiva
697 601 823 665 ratione
839 610 1015 688 usurpetur
1030 601 1086 664 cfr.
1102 601 1199 688 Prop.
1215 602 1240 681 I,
1258 603 1309 682 11,
1325 604 1380 668 30.

253 703 305 784 „A
328 712 464 788 pereant
485 703 586 769 Baiae
619 705 741 769 crimen
776 707 895 768 amoris
919 709 1045 790 aquae“
1067 705 1164 791 Prop.
1192 705 1253 787 III,
1283 708 1335 785 29,
1357 705 1382 769 4

252 806 383 887 „Danai
405 807 528 900 semina
546 807 646 873 ,turba
668 807 777 871 senis“
800 816 832 870 et
852 805 1057 871 Lachmanni
1080 805 1257 872 adnotatio.

316 943 431 1030 Neque
464 942 529 1007 ullo
564 941 660 1006 modo
684 942 838 1007 'concedo
868 965 1000 1008 necesse
1023 943 1124 1008 fuisse
1147 953 1235 1007 certa
1257 943 1383 1028 signifi-

255 1046 381 1136 catione
413 1054 447 1109 ut
477 1043 594 1130 copula
624 1044 717 1108 verbi
740 1045 829 1131 quod
851 1045 971 1110 dicitur
993 1045 1188 1110 substantivi
1212 1045 1264 1110 vel
1287 1045 1384 1110 aliter

255 1147 430 1212 definiatur
452 1169 575 1233 „parva
597 1148 728 1211 minus“
751 1157 783 1210 et
797 1149 964 1228 „maxima
979 1147 1096 1212 turba“
1112 1149 1154 1213 ad
1169 1150 1382 1238 praeteritum

254 1259 382 1337 tempus
413 1259 559 1338 spectare
589 1251 645 1315 cfr.
674 1249 893 1336 Eschenburg
921 1274 996 1337 pag.
1025 1255 1077 1320 26.
1122 1253 1205 1316 Nam
1239 1273 1305 1314 non
1341 1250 1384 1314 de

255 1361 359 1416 aetate
382 1353 492 1416 futura
514 1353 566 1417 vel
589 1353 751 1438 Propertii
774 1355 947 1438 agi'nemo
969 1377 1036 1419 non
1057 1354 1156 1436 videt,
1187 1355 1244 1440 qui
1267 1375 1384 1416 versus

248 1456 312 1541 ·qui
334 1454 534 1539 praecedunt
556 1455 608 1518 vel
632 1454 748 1520 leviter
770 1454 960 1540 perlegerit3
984 1457 1111 1520 accedit
1131 1457 1218 1543 quod
1234 1457 1267 1518 in
1285 1477 1384 1520 versu

256 1559 307 1622 33.
331 1579 404 1620 curn
428 1557 548 1622 dixerit
571 1567 666 1642 poeta
694 1581 820 1644 „parva
841 1559 945 1622 urbe“
967 1560 1125 1646 pristinae
1147 1560 1261 1635 aetatis
1284 1557 1385 1642 signi-

255 1659 440 1724 ficationem
475 1661 553 1724 satis
585 1660 718 1746 planam
747 1660 924 1744 habemus3
958 1683 1024 1725 non
1055 1663 1156 1746 igitur
1185 1659 1384 1738 mirandum,

258 1761 344 1848 quod
367 1763 504 1826 verbum
526 1763 672 1826 hocloco
692 1762 1139 1848 substantivum'Propertius
1156 1764 1271 1843 omisit,
1295 1761 1386 1847 aprui

258 1887 354 1950 quem
382 1866 576 1930 brevitatem
607 1876 638 1930 et
667 1866 863 1952 compendia
895 1865 1026 1930 dicendi
1059 1867 1281 1954 frequentiora
1314 1887 1384 1930 esse

258 1989 356 2052 quam
393 1969 427 2030 in
465 1967 532 2032 ullo
569 1968 633 2033 alio
670 1979 839 2055 poetarum
876 1969 1098 2034 Romanorum
1134 1979 1221 2034 recte
1258 1968 1385 2032 monuit

257 2065 441 2155 Hertzbbrg
465 2071 503 2152 Q.
526 2072 562 2134 P.
586 2093 661 2157 pag.
686 2074 757 2138 134.

323 2205 481 2271 Codicum
505 2209 666 2294 scriptura
688 2210 809 2296 „longe
832 2215 923 2274 erat“
946 2232 1020 2273 cum
1043 2210 1120 2272 ferri
1143 2217 1302 2296 nequeat,
1328 2209 1384 2272 cfr.

259 2308 479 2394 Eschenburg
509 2311 530 2374 l.
555 2333 581 2376 c.
605 2322 637 2376 et
658 2313 780 2378 Mulier
801 2313 902 2400 praef.
927 2335 957 2396 p.
981 2313 1029 2394 L,
1050 2311 1220 2398 probanda
1242 2321 1291 2375 est
1313 2333 1387 2374 con-

258 2411 393 2497 jectura,
417 2435 516 2498 quam
538 2415 573 2478 in
596 2415 696 2480 Pucci
719 2416 881 2500 excerptis
897 2415 1037 2498 legimus
1052 2415 1270 2500 „longavia“.
1302 2414 1387 2478 Nam

261 2514 324 2578 hoc
347 2515 387 2578 dc
410 2517 598 2602 conjectura
621 2519 733 2582 datum
756 2540 826 2582 esse
848 2517 1052 2600 intellegitur
1074 2541 1115 2580 ex
1138 2519 1194 2599 eis,
1218 2540 1302 2604 quae
1325 2516 1388 2604 dis·

260 2626 417 2705 putarunt
449 2619 639 2685 Lachmann
676 2621 777 2707 praef.
811 2621 899 2701 XII,
932 2619 1046 2704 Haupt
1078 2620 1146 2684 ind.
1177 2621 1250 2684 lect.
1279 2619 1387 2683 Berol.

218 2742 222 2750 ·
263 2722 400 2796 185455
423 2744 497 2809 pag.
522 2726 551 2788 1.
568 2746 615 2810 sq.
636 2723 866 2789 Schneidewin
890 2723 923 2784 in
947 2730 1008 2785 act.
1032 2723 1119 2786 tht.
1146 2723 1228 2790 1844
1247 2721 1291 2802 Π,
1316 2724 1389 2788 730.

326 2857 492 2924 Krahneri
521 2870 630 2924 autem
660 2860 882 2944 interpretatio
913 2857 1042 2944 (Philcl.
1066 2856 1198 2922 XXVII
1227 2879 1303 2942 pag.
1333 2858 1388 2940 72)

262 2960 444 3045 scripturae
466 2963 604 3028 traditae
627 2985 725 3050 quam
739 2962 892 3025 maxime
915 2962 998 3024 mira
1019 2970 1068 3026 est
1087 2983 1194 3047 neque
1209 2959 1276 3028 ullo
1291 2958 1389 3022 modo

263 3063 394 3149 probari
424 3073 539 3148 potest,
569 3066 632 3128 nisi
662 3065 815 3129 concedis
844 3085 958 3129 vocem
991 3064 1065 3126 viae
1098 3062 1284 3146 significare
1317 3062 1390 3142 iter,

264 3166 353 3251 quod
375 3189 435 3251 per
449 3190 546 3252 agros
569 3177 632 3247 est,
657 3189 721 3230 non
746 3190 805 3251 per
820 3166 955 3236 Urbem,
1001 3164 1097 3244 Quod
1117 3165 1144 3228 si
1166 3165 1290 3245 statuis,
1313 3163 1391 3226 Pro-

263 3270 388 3352 pertius
415 3270 553 3336 fortasse
583 3270 690 3334 dicere
719 3270 836 3333 voluit
856 3266 1084 3352 antiquissima
1111 3274 1215 3329 aetate
1238 3267 1300 3344 eis,
1333 3267 1390 3352 qui

264 3372 350 3434 irent
360 3370 446 3436 Alba
461 3371 614 3454 Fidenas,
626 3373 767 3458 primum
781 3370 1007 3454 longissimum
1019 3369 1082 3432 iter
1092 3366 1277 3432 faciendum
1289 3367 1392 3431 fuisse

265 3495 325 3558 per
353 3495 467 3558 agros,
502 3475 621 3539 deinde
647 3497 785 3560 parvum
820 3494 879 3560 per
908 3471 1048 3550 Urbem,
1081 3479 1244 3555 postremo
1273 3470 1391 3533 iterum

220 3568 221 3573 ¹
265 3575 491 3660 longissimum
521 3601 580 3663 per
609 3599 722 3662 agros3
755 3585 868 3641 contra
891 3596 965 3638 cum
988 3583 1084 3636 aucta
1106 3573 1148 3636 sit
1169 3571 1282 3653 Roma,
1305 3572 1392 3638 viam

266 3677 357 3742 illam
377 3678 602 3764 longissimam
619 3681 781 3766 agrariam
799 3700 896 3764 quam
913 3677 1056 3741 maxime
1071 3675 1171 3740 fuisse
1186 3675 1392 3755 diminutam,

266 3781 328 3846 iter
361 3792 469 3846 autem
504 3783 592 3868 quod
624 3784 723 3847 fuerit
754 3803 813 3866 per
844 3783 950 3868 ipsam
979 3777 1103 3844 Urbem
1138 3777 1215 3842 satis
1244 3776 1393 3840 evenisse

267 3882 412 3969 longum.
457 3885 522 3950 Sed
545 3887 660 3965 ,‚viao“
683 3884 878 3949 vocabulum
901 3903 1032 3969 prorsus
1055 3879 1138 3944 nibil
1152 3878 1315 3963 significat
1329 3877 1395 3941 nisi

267 3994 369 4050 totum
403 3988 473 4070 iter,
508 3989 596 4075 quod
613 3988 773 4054 ¹Fidenas
803 3985 890 4052 Alba
923 3991 992 4048 erat
1022 3993 1054 4047 et
1082 4004 1141 4068 per
1163 4001 1258 4066 agros
1281 3988 1313 4044 et
1335 4001 1395 4064 per

268 4089 381 4155 urbem
405 4091 550 4156 Romam.
