3116 4746
681 355 717 418 21

208 539 283 594 Ovid.
302 541 403 594 heroid.
423 541 464 606 12,
483 543 506 594 1.
524 541 561 595 At
578 543 630 596 tibi
648 542 808 598 Colchorum
827 542 938 594 memini
957 542 1051 610 regina
1069 541 1167 595 vacavi.

305 660 384 697 amor.
404 643 489 709 1117,
509 644 531 697 1.
552 648 581 698 at
603 663 656 700 non
680 646 795 700 formosa
813 646 862 708 est,
881 648 910 698 at
927 661 980 698 non
999 644 1067 698 bene
1087 643 1161 696 culta
1179 641 1272 714 puella

550 735 578 784 at
595 735 669 800 puto,
688 748 742 786 non
761 731 829 784 votis
849 745 928 798 saepe
945 730 1033 799 petita
1050 729 1125 784 meis.

209 832 297 901 Priap.
318 832 358 898 78,
379 832 401 886 1.
422 835 450 886 at
468 832 496 886 di
517 833 635 904 deaeque
653 835 780 890 dentibus
797 835 852 888 tuis
872 849 958 887 eseam
977 835 1085 902 negent.

230 951 347 1036 ltaque
377 960 434 1016 aut
458 961 529 1030 „at“
554 964 611 1018 aut
634 963 721 1034 ,‚est“
747 952 956 1018 scribendum
980 975 1050 1017 esse
1075 973 1192 1015 censeo
1217 952 1273 1014 cfr.

210 1070 289 1138 Prop,
309 1070 341 1133 V,
361 1071 426 1133 7,1.
446 1075 511 1125 sunt
528 1073 631 1140 aliquid
648 1073 749 1128 Manes.

211 1171 287 1227 Ovid.
306 1172 377 1226 trist.
399 1172 434 1238 I,
454 1172 494 1227 70.
514 1178 556 1228 est
574 1174 642 1228 mihi
660 1176 750 1244 sitque
768 1192 859 1244 precor
876 1175 961 1229 flavae
978 1173 1065 1226 tutela
1082 1173 1226 1227 Minervae.

514 1259 613 1313 audiat.
634 1261 676 1312 est
694 1260 823 1328 quaedam
841 1260 948 1313 nomine
968 1257 1067 1326 Dispas
1087 1275 1162 1312 anus.

231 1393 341 1459 Aliam
372 1395 459 1459 viam
487 1397 654 1479 ingressus
685 1406 733 1460 est
753 1397 916 1482 Scaliger,
953 1418 1051 1482 quem
1075 1396 1179 1460 secuti
1202 1405 1278 1458 sunt

146 1496 357 1561 Burmannus
381 1506 412 1560 et
426 1497 696 1562 Brouckhuisius.
740 1499 861 1584 Magno
887 1498 1009 1564 scelere
1033 1519 1105 1563 sese
1120 1497 1275 1585 impiasse

147 1601 277 1684 putavit
299 1621 363 1681 eos,
388 1601 445 1686 qui
468 1599 583 1662 ultima
605 1601 758 1664 carminis
782 1593 823 1683 ΙΙ,Ι
841 1605 870 1668 9.
889 1602 953 1665 duo
970 1600 1112 1664 disticha
1133 1602 1179 1665 ita
1202 1623 1277 1664 oum

150 1702 375 1787 superioribus
398 1702 514 1767 alienis
538 1705 769 1791 conjunxerint
792 1712 828 1765 ut
850 1703 1003 1766 carminis
1028 1704 1194 1790 sequentis
1216 1705 1277 1768 ini-

149 1804 232 1869 tium
254 1805 404 1869 invenire
427 1807 529 1870 coacti
552 1808 746 1892 scripturam
769 1806 870 1887 „sed‘
893 1807 926 1869 in
944 1808 1053 1892 ‚‚jam“
1068 1807 1278 1871 mutaverint.

214 1908 306 1972 Haec
328 1908 532 1995 Propertium
557 1909 665 1975 dicere
687 1909 832 1975 voluisse
848 1909 996 1994 Scaliger
1018 1907 1192 1972 arbitratus
1216 1917 1278 1972 est:

151 2011 297 2095 „Verum
328 2020 377 2076 est
407 2035 458 2076 me
487 2022 636 2098 paratum
668 2013 796 2077 nullum
825 2035 844 2076 a
873 2013 980 2096 capite
1009 2034 1081 2075 meo
1111 2010 1280 2096 deprecari

151 2113 335 2202 perieulum
359 2113 399 2177 de
422 2117 527 2178 amica
548 2138 630 2180 mea.
668 2116 733 2181 Sed
750 2125 785 2179 ut
800 2114 949 2178 addictus
966 2113 1015 2176 illi
1032 2114 1103 2194 sim,
1127 2111 1280 2198 quemad·

153 2218 288 2281 modum
311 2224 409 2280 antea
430 2215 491 2296 fui,
527 2216 589 2280 hoc
610 2240 688 2282 vero
712 2219 888 2303 quominus
911 2217 1043 2296 faciam,
1071 2215 1208 2301 impedit
1229 2235 1281 2277 me

153 2341 276 2383 novum
310 2317 484 2383 consilium
517 2342 536 2382 a
570 2341 621 2382 me
649 2320 767 2383 initum
798 2319 861 2382 alio
892 2341 943 2382 me
973 2327 1068 2383 vocat
1097 2319 1281 2381 institutum

154 2427 297 2486 meum.“
339 2420 431 2486 Haec
453 2421 523 2486 viro
548 2421 732 2486 doctissimo
756 2423 877 2508 „plena
900 2422 1034 2484 affectus
1057 2421 1205 2485 amatorii
1221 2441 1282 2483 nec

155 2525 221 2588 nisi
249 2547 268 2588 a
296 2523 407 2609 politis
437 2525 579 2607 ingeniis
602 2523 846 2610 intellegenda“
868 2524 1042 2589 videbatur
1064 2545 1135 2587 esse
1159 2525 1282 2586 amicae

156 2627 330 2691 valedictio
346 2637 479 2714 propter
491 2629 666 2714 ingratum,
688 2650 785 2713 quem
801 2629 835 2691 in
851 2638 979 2714 poetam
998 2625 1121 2706 habuit,
1138 2626 1283 2689 animum

158 2738 189 2792 et
212 2751 295 2815 quae
319 2751 393 2793 cum
417 2729 539 2795 Oatulli
561 2754 658 2794 versu
680 2740 768 2795 recte
791 2731 972 2816 comparari
995 2730 1097 2814 possit

456 2868 520 2921 Vale
538 2868 629 2936 puella
644 2869 700 2936 jam
719 2867 841 2924 Catullus
860 2865 977 2919 obdurat.

225 3004 279 3068 Ad
315 3003 509 3068 firmandam
543 3005 629 3069 hanc
662 3005 856 3072 sententiam
890 3003 1076 3067 memineris
1108 3003 1143 3064 in
1176 3000 1287 3064 codice

162 3107 377 3191 Groningano
405 3107 506 3171 verba
529 3109 587 3174 illa
610 3107 689 3191 „sed
712 3117 841 3192 tempus
866 3112 945 3172 ...“
968 3129 1041 3170 cum
1067 3102 1289 3190 superioribus

163 3211 337 3296 conjuncta
360 3233 439 3275 esse.
476 3210 542 3276 Sed
557 3213 700 3298 primum
715 3209 893 3274 tenendum
909 3220 958 3273 est
970 3210 1115 3273 omnium
1131 3207 1291 3293 optimum

164 3313 309 3377 codicem
338 3312 590 3399 Neapolitanum
624 3315 701 3377 item
731 3322 767 3377 ut
794 3313 895 3376 Pucci
925 3321 1079 3397 excerpta
1108 3319 1140 3374 et
1169 3309 1292 3374 librum

164 3415 449 3500 Hamburgensem
485 3417 696 3480 interstitium
725 3415 809 3480 illud
842 3437 999 3480 servasse.
1054 3412 1184 3476 Deinde
1214 3411 1293 3475 satis

166 3519 284 3581 mirum
308 3527 402 3597 esset,
434 3519 461 3580 si
484 3518 578 3581 initio
602 3519 737 3604 elegiae,
761 3541 826 3604 qua
848 3517 991 3604 Augusti
1013 3514 1129 3580 laudes
1153 3514 1294 3579 celebra·

166 3631 260 3683 turus
284 3628 362 3701 erat,
385 3642 450 3684 non
474 3620 581 3706 ipsum
605 3622 788 3708 principem
811 3621 869 3685 sed
883 3621 1028 3707 puellam
1044 3629 1184 3683 amatam
1200 3627 1297 3705 poeta

168 3721 398 3807 alloqueretur.
457 3722 595 3787 Accedit
632 3723 852 3788 audacissima
888 3723 1090 3809 pronominis
1128 3727 1228 3802 ‚‚tua“
1261 3721 1296 3783 in

170 3825 275 3910 elegia
304 3827 481 3913 incipiente
504 3825 639 3910 positi03
671 3847 744 3889 oum
769 3827 842 3912 quis
865 3825 997 3889 tandem
1020 3825 1082 3889 hoc
1104 3823 1298 3911 pronomine

168 3927 412 4012 intellegendus
436 3930 486 4009 sit,
510 3950 608 3992 nemo
630 3928 695 3990 nisi
719 3929 776 4013 qui
799 3950 911 3992 omncs
935 3929 1125 4012 cognoverit
1136 3925 1299 4012 Propertii

171 4054 308 4112 amores,
333 4053 398 4095 non
421 4042 487 4095 tam
508 4031 695 4118 perspicere
710 4031 813 4116 possit
828 4053 926 4116 quam
943 4032 1112 4117 suspicari.
1150 4029 1203 4093 An
1220 4027 1301 4114 quid

170 4135 255 4200 illud
278 4141 378 4219 „tua“
402 4135 465 4200 sibi
486 4135 580 4217 velit,
609 4157 650 4198 ex
673 4135 746 4221 ipsa
769 4134 875 4220 elegia
898 4135 1013 4216 elucet,
1036 4135 1071 4198 in
1095 4156 1160 4220 qua
1182 4140 1214 4196 et
1235 4130 1301 4195 ani-
