3116 4746
168 524 274 589 Multo
296 526 403 611 magis
426 526 558 608 arridet,
580 525 669 612 quod
690 526 924 592 Lachmannus
947 523 1061 590 subtili
1076 547 1154 590 usus
1164 523 1290 610 judicio

166 627 320 714 protulit:
348 651 474 715 „parva
504 630 653 694 eminus“
682 628 807 694 Tamen
838 651 880 694 ne
910 627 973 693 hoc
999 625 1131 714 quidem
1158 634 1291 713 propter

168 751 301 794 normas
330 731 507 816 quasdam,
547 753 628 818 quas
657 740 786 796 secutus
820 739 869 795 est
899 730 1106 817 Propertius,
1139 729 1291 793 metricas

165 831 244 896 ferri
266 842 380 920 potest.
424 832 694 918 Eschenburgius
717 834 804 897 enim
827 831 895 898 obs.
919 833 990 897 orit.
1012 853 1088 919 pag.
1113 833 1236 898 1.-13.
1260 838 1292 894 et

166 957 283 1000 comm.
316 935 414 1022 Prop.
446 936 482 1000 in
515 934 599 1000 libro
632 935 722 1000 misc.
745 935 851 1001 Bonn.
877 934 962 1000 bono
985 935 1138 1021 exposuit
1158 933 1291 1020 elegias,

167 1059 248 1123 quas
271 1059 362 1110 nunc
384 1048 503 1102 vocant
523 1037 698 1119 Romanas,
729 1037 806 1103 libri
828 1037 935 1124 quinti
956 1037 983 1102 Ι.
1005 1035 1048 1104 ΙΙ.
1071 1036 1129 1102 IV.
1151 1036 1209 1102 VI.
1231 1035 1291 1106 lx.

168 1139 211 1204 X.
234 1139 277 1204 ad
299 1140 402 1204 multo
425 1141 602 1206 severiores
624 1140 714 1228 leges
735 1141 885 1206 metricas
907 1140 1079 1206 adstrictas
1101 1161 1292 1225 essequam

167 1250 290 1306 ceteros
312 1241 413 1308 libros
434 1265 542 1330 noque
563 1242 669 1308 ullum
691 1243 727 1310 in
748 1243 814 1310 illis
836 1243 1021 1333 syriaeseos
1042 1241 1229 1329 exemplum
1245 1243 1292 1306 in·

165 1343 285 1428 veniri,
309 1345 406 1431 quale
427 1345 671 1430 Lachmannus,
694 1367 768 1411 cum
795 1345 879 1412 illud
900 1369 1025 1432 „parva
1047 1347 1196 1411 eminus“
1218 1364 1291 1408 con-

161 1447 253 1534 jecit,
274 1448 309 1512 in
332 1458 459 1515 textum
480 1449 664 1536 genuinum
686 1448 865 1515 inculcavit
887 1449 944 1515 cfr.
968 1451 1064 1515 etiam
1088 1449 1203 1534 Haupt
1224 1445 1292 1512 obs·

167 1550 236 1614 orit.
262 1553 342 1619 1841
367 1573 441 1638 pag.
464 1555 516 1620 21.

229 1653 424 1742 Oonjectura
439 1663 548 1720 antem
558 1657 709 1738 „metus“
720 1675 778 1741 pro
789 1654 952 1737 „minus“,
969 1675 1066 1741 quam
1079 1651 1291 1718 Burmannus

166 1766 410 1840 commemorat,
433 1756 571 1843 probata
592 1777 792 1844 quamquam
814 1778 929 1822 versus
943 1759 996 1826 33.
1018 1756 1142 1822 bonum
1159 1775 1291 1820 sensum

167 1857 316 1943 exhibet,
352 1869 462 1925 tamen
500 1861 600 1926 ceteri
635 1882 750 1926 versus
785 1881 890 1946 aeque
924 1859 1009 1926 bene
1035 1859 1194 1945 explicari
1225 1879 1291 1920 non

167 1972 312 2046 possunt.
352 1961 437 2028 Tum
453 1962 540 2028 enim
556 1963 705 2030 versibus
720 1965 869 2031 33.-36.
885 1959 993 2028 subito
1009 1962 1050 2028 de
1065 1963 1180 2028 itinere
1190 1958 1293 2024 verba

172 2064 297 2130 fierent.
341 2065 386 2140 Et
406 2066 433 2130 si
456 2067 529 2152 quis
551 2067 586 2129 in
609 2065 698 2131 hunc
720 2088 850 2131 versum
873 2067 1038 2154 potentiae
1059 2065 1226 2130 notionem
1248 2062 1293 2126 ita

167 2167 288 2231 inferre
311 2176 445 2232 conatus
468 2167 518 2249 sit,
549 2176 586 2231 ut
606 2189 666 2252 pro
689 2169 832 2255 pessima
853 2167 1003 2234 codicum
1025 2171 1187 2256 scriptura
1208 2163 1293 2246 „hac

166 2267 224 2333 ubi
257 2269 424 2333 Fidenas“
453 2267 554 2334 altero
584 2267 683 2356 hujus
713 2269 804 2335 urbis
832 2270 966 2335 nomine
994 2293 1074 2336 usus
1104 2270 1175 2356 (cfr.
1206 2266 1291 2332 Plin.

166 2371 209 2436 Η.
232 2371 272 2436 N.
306 2374 356 2453 16,
379 2373 409 2453 4,
432 2373 463 2439 5.
507 2370 565 2436 Sil.
590 2376 641 2458 15,
664 2374 719 2462 90)
743 2373 907 2439 coniceret
929 2394 1104 2458 „magnam
1128 2371 1175 2436 ibi
1197 2369 1292 2434 Fide·

166 2479 268 2538 ndm“
290 2475 452 2560 scriptura
474 2497 559 2561 quae
581 2477 702 2540 tradita
724 2486 773 2542 est
793 2475 891 2542 valde
915 2485 1056 2561 mutata3
1086 2485 1195 2540 tamen
1224 2463 1292 2538 lon-

166 2576 325 2661 gitudinis
348 2578 514 2642 notionem
538 2576 653 2642 tollere
674 2577 728 2643 vix
750 2580 879 2666 poterit.

229 2679 345 2764 Itaque
367 2678 414 2743 nil
436 2678 572 2744 relicum
602 2676 667 2744 nisi
688 2681 920 2762 „suburbanae
942 2683 1073 2746 minus“
1093 2683 1293 2769 conjungere

167 2790 199 2844 et
221 2791 324 2846 totum
352 2802 484 2846 versum
515 2782 561 2845 ita
591 2791 627 2847 ut
655 2782 776 2864 Miiller
797 2772 874 2850 fecit
895 2783 997 2870 praef.
1020 2783 1092 2848 XL.
1116 2783 1290 2871 explicare.

166 2882 310 2965 „Gabiic
333 2887 442 2949 autem
464 2906 496 2948 v.
518 2887 571 2954 36.
594 2885 719 2950 ratione
740 2885 945 2972 sPropertio
961 2885 1040 2950 alibi
1056 2907 1121 2950 non
1138 2894 1293 2970 usurpata

169 2987 383 3056 contrahitur.
428 2987 552 3052 Tamen
576 2987 698 3053 similes
721 3011 807 3053 nom.
830 2988 915 3074 plur.
936 3025 981 3038 —-
1001 3011 1077 3052 nam
1095 2989 1135 3052 de
1151 2988 1200 3053 his
1216 2987 1293 3051 solis

169 3090 278 3174 agitur
289 3127 330 3138 -
344 3091 510 3155 rarissime
526 3091 624 3156 etiam
641 3091 729 3175 apud
741 3092 823 3157 alios
835 3101 949 3176 poetas
962 3093 1118 3177 leguntur
1130 3089 1187 3155 cfr.
1200 3089 1293 3154 Cors-

167 3213 281 3255 senum
311 3192 394 3257 iiber
420 3193 559 3279 Ausspr.
581 3193 662 3259 Voc.
684 3201 744 3259 etc.
773 3193 817 3278 Il,
843 3186 913 3263 163.
956 3194 1098 3260 Navium
1126 3191 1292 3259 Formenl.

144 3353 147 3360 .
166 3292 192 3373 I,
215 3296 267 3376 98,
293 3297 363 3362 122.
409 3292 497 3360 Utile
527 3305 637 3360 sutem
665 3305 715 3360 est
736 3294 877 3382 digitum
900 3284 1070 3362 intendere
1093 3296 1135 3362 ad
1156 3297 1292 3382 inscrip-

165 3396 287 3460 tionem
304 3396 480 3483 quaudam‚
504 3418 588 3484 quae
605 3419 717 3462 omnes
737 3398 932 3484 interpretes
949 3400 1057 3466 adhuc
1072 3401 1167 3485 fugit,
1187 3423 1206 3464 a
1221 3399 1292 3465 Vis-

166 3499 276 3564 contio
303 3495 423 3564 editam
446 3500 482 3564 in
504 3499 599 3582 libro,
629 3501 687 3587 qui
708 3500 899 3568 inscribitur
919 3504 1146 3585 „monumenti
1170 3503 1291 3568 Gabini

154 3600 256 3666 ‘della
277 3595 358 3666 villa
379 3602 540 3668 Pinciana
560 3603 667 3668 Roma
690 3607 795 3672 1797“
817 3625 893 3690 pag.
918 3607 989 3686 146,
1019 3605 1077 3670 ubi
1098 3606 1202 3690 ipsius
1225 3605 1290 3669 Ga-

165 3702 293 3768 biorum
327 3704 419 3770 urbis
453 3706 481 3770 si
513 3727 580 3771 non
613 3707 836 3772 nominativus
866 3715 953 3772 certe
980 3707 1102 3792 legitur
1128 3708 1291 3773 ablativus

166 3803 308 3872 GABIS.

228 3909 337 3974 Etiam
369 3919 477 3976 cetera
506 3921 709 3997 argumenta,
740 3911 860 4000 quibus
894 3919 1046 3999 quattuor
1081 3915 1141 3981 hos
1175 3939 1290 3982 versus
1324 3937 1327 3944 ’

165 4009 330 4078 eiciendos
363 4034 434 4077 esse
468 4012 691 4082 demonstrare
723 4015 896 4099 volebant,
930 4037 1047 4082 manca
1083 4029 1161 4084 sunt
1193 4030 1291 4108 atque

166 4115 282 4182 futilia.
326 4117 410 4182 Nam
427 4117 520 4204 justa
542 4140 658 4184 caussa
677 4142 744 4185 non
767 4129 825 4204 est,
855 4144 914 4188 cur
939 4122 974 4185 in
996 4121 1105 4187 verbis
1126 4123 1292 4206 „Fidenas
