3116 4746
845 358 865 429 6

754 449 956 463 ψ

291 543 434 635 hincque
461 549 534 619 lites
557 557 590 615 ct
605 547 718 639 jurgia
740 560 810 616 orta
831 562 906 618 ante
928 549 1041 619 oculos
1062 560 1236 647 ponantur,
1280 553 1417 622 Prorsus

292 652 383 718 aliud
417 670 526 728 autem
560 655 636 740 legi.
681 653 793 720 Verba
820 656 907 721 enim
934 657 1006 722 fieri
1035 656 1076 722 de
1098 667 1192 746 rapta
1213 659 1350 743 Helena,
1374 659 1415 724 de

291 775 385 852 rapta
413 758 647 851 Hippodamia.
697 756 762 823 Sed
791 783 925 848 prorsus
954 783 1020 827 non
1043 761 1200 847 cogimur,
1223 772 1260 826 ut
1283 761 1323 826 dc
1345 761 1416 827 sola

292 867 437 953 Cynthia
460 889 535 931 cum
558 863 695 929 Graecis
719 875 907 951 comparata
928 866 1119 952 cogitemus,

354 995 425 1062 Neo
452 996 553 1062 solius
582 993 686 1079 ipsius
716 993 798 1056 vitia
819 1015 917 1058 versu
940 995 1054 1081 quinto
1078 993 1204 1058 decimo
1228 993 1414 1078 significare

290 1099 395 1164 voluit
416 1097 606 1184 Propertius
630 1095 701 1182 (cfr.
727 1094 874 1182 Gruppe,
904 1096 1013 1162 Minos
1034 1096 1232 1183 pogiolo),
1255 1117 1329 1159 cum
1352 1118 1414 1159 nec

290 1202 447 1268 Centauri
478 1223 540 1268 nec
568 1199 784 1285 Trojanorurn
815 1220 876 1262 nec
906 1198 1106 1264 Graecorum
1134 1198 1234 1264 duces
1257 1197 1412 1262 hocloco

289 1327 364 1369 eum
387 1304 455 1369 solo
478 1301 647 1388 Propertio
669 1300 768 1364 nimis
791 1300 904 1365 timido
927 1310 1166 1386 comparentur.
1203 1302 1307 1366 Immo
1330 1301 1412 1366 haec

288 1408 385 1487 vitia,
416 1405 536 1492 quibus
565 1403 607 1468 ad
630 1402 788 1489 proelium
812 1412 947 1470 ventum
970 1412 1029 1486 est,
1051 1403 1177 1470 scilicet
1197 1403 1275 1468 fidei
1296 1412 1412 1491 ruptae

289 1519 322 1574 ct
343 1508 424 1574 laesi
446 1508 565 1574 amoris
588 1505 630 1570 ad
652 1527 765 1570 omnes
788 1505 937 1571 homiues
960 1507 1017 1593 qui
1040 1516 1150 1572 ament
1171 1516 1328 1593 spectant.

349 1636 519 1720 „Eadem“
541 1645 649 1700 autem
675 1634 893 1717 ,‚dementia“,
922 1636 956 1700 in
980 1657 1046 1723 qua
1067 1634 1186 1700 Strure
1209 1635 1331 1718 haeret,
1362 1659 1410 1701 re-

287 1735 391 1806 fertur
414 1739 456 1804 ad
479 1739 560 1803 haec
581 1738 663 1802 vitia
684 1739 843 1801 amatoria
864 1747 961 1803 antea
981 1738 1134 1803 indicata.

349 1870 425 1935 Jam
459 1867 502 1937 ad
534 1866 633 1953 hujus
666 1864 849 1930 dementiae
882 1861 1034 1951 exempla'
1066 1889 1086 1930 a
1108 1866 1244 1932 Graecis
1273 1869 1411 1954 repetita

286 1973 417 2059 egregie
437 1970 603 2036 adduntur
624 1968 774 2032 Romana
794 1967 872 2033 inde
893 1991 914 2034 a
936 1991 1033 2034 versu
1058 1973 1107 2036 19.
1129 1969 1277 2034 Primum
1300 1980 1409 2035 autem

286 2075 446 2142 Romulus
477 2074 547 2159 ipse
577 2072 724 2137 criminis
750 2080 881 2154 auctor,
917 2093 975 2157 per
1002 2095 1099 2158 quem
1121 2075 1220 2144 'amor
1248 2072 1410 2158 quidlibet

286 2178 415 2260 audeat,
446 2199 517 2242 esse
548 2176 677 2257 dicitur,
705 2196 780 2239 cum
807 2187 912 2240 castas
938 2173 1077 2242 Sabinas
1104 2178 1239 2264 impune
1262 2176 1410 2242 docuerit

284 2303 399 2367 rapere
430 2281 474 2367 (v.
506 2278 684 2365 19.-22),
714 2278 851 2342 alterum
881 2287 991 2343 autern
1024 2301 1151 2344 morum
1181 2289 1408 2366 corruptorum

284 2392 513 2470 argumentum
547 2405 589 2446 cx
621 2381 757 2446 lascivia
788 2380 957 2447 hominum
992 2381 1169 2448 obscaenas
1195 2382 1333 2448 tabellas
1355 2383 1408 2450 de-

283 2486 491 2572 pingentium
514 2486 653 2548 sumitur
668 2488 713 2570 (v.
737 2483 910 2570 27.-34.).
939 2483 1031 2548 Haeo
1054 2487 1165 2550 omnia
1187 2485 1271 2550 bene
1294 2510 1329 2552 se
1352 2488 1407 2553 ha·

284 2590 415 2670 berent,
437 2587 502 2650 nisi
523 2585 630 2650 subito
654 2584 694 2648 de
716 2584 849 2650 Admeti
871 2587 1011 2674 conjuge
1034 2595 1066 2651 et
1088 2586 1171 2652 lecto
1193 2589 1302 2655 Ulixis
1323 2593 1408 2658 mira

283 2694 408 2758 ratione
430 2687 531 2755 verba
552 2697 762 2754 occurrerent
775 2688 924 2754 versibus
941 2691 992 2756 23.
1008 2711 1057 2775 sq.
1073 2700 1106 2755 ct
1119 2700 1193 2776 post
1205 2715 1338 2761 versum
1353 2699 1405 2764 26.

283 2796 381 2859 nimis
409 2793 515 2858 hiarct
545 2792 777 2856 sententiarum
807 2813 932 2876 nexus3
959 2793 1070 2879 itaque
1097 2815 1163 2858 non
1193 2796 1263 2860 sine
1291 2820 1407 2865 caussa

282 2897 513 2962 Lachmannus
536 2904 611 2960 ante
633 2919 665 2960 v.
688 2898 739 2964 25.
761 2904 795 2960 et
816 2903 889 2980 post
909 2916 941 2958 v.
965 2898 1029 2964 26.ο
1040 2895 1175 2962 lacunas
1197 2902 1319 2966 statuit

345 3024 475 3090 Deinde
505 3034 579 3112 post
604 3046 736 3089 versum
763 3025 815 3091 40.
844 3032 912 3087 tam
940 3023 1048 3090 subito
1076 3026 1118 3091 ad
1145 3026 1246 3110 aliud,
1276 3030 1404 3118 dequo

280 3148 377 3192 nemo
400 3135 475 3191 ante
498 3128 664 3213 cogitavit,
687 3127 843 3192 transitus
865 3125 911 3208 fit,
935 3135 972 3191 ut
985 3128 1108 3213 optimo
1125 3130 1202 3216 jure
1217 3133 1314 3197 etiarn
1330 3146 1405 3221 post
1485 3171 1487 3176 >

282 3232 371 3295 hunc
399 3253 530 3294 versum
562 3225 790 3296 asteriscorum
820 3231 951 3316 signum
984 3232 1127 3317 positum
1161 3233 1211 3296 sit.
1255 3235 1404 3304 Fuerunt

281 3334 338 3420 qui
360 3356 474 3398 versus
488 3335 540 3400 41.
557 3337 608 3401 42.
633 3334 760 3420 spurios
785 3331 940 3398 dicerent.
970 3332 1021 3397 Ita
1035 3333 1154 3400 St'ruve
1169 3357 1244 3422 pag.
1263 3341 1312 3406 71.
1329 3362 1403 3406 con-

279 3435 386 3501 tendit
414 3460 434 3500 a
460 3436 593 3502 librario
621 3459 675 3502 eos
705 3437 847 3522 primum
875 3437 910 3501 in
940 3436 1088 3522 margine
1118 3440 1275 3526 ascriptos
1302 3443 1401 3508 fuisse
1472 3435 1475 3441 ¹

279 3548 316 3603 ut
341 3540 462 3604 lemma
488 3539 613 3624 elegiae
643 3539 821 3626 sequentis,
850 3538 969 3604 deinde
991 3541 1026 3604 in
1048 3549 1174 3606 textum
1196 3545 1347 3630 intrusos,
1371 3558 1403 3613 et

279 3642 417 3729 Gruppe
428 3643 535 3706 Minos
557 3665 632 3730 pag.
655 3640 727 3711 511.
750 3641 792 3706 ab
815 3643 863 3708 eis
885 3665 957 3708 esse
972 3642 1099 3708 additos
1114 3645 1226 3730 voluit,
1243 3652 1299 3736 qui
1315 3650 1401 3716 laeu-

279 3766 338 3808 nas
368 3743 467 3831 hujus
494 3746 619 3831 elegiae
648 3743 781 3830 explere
811 3747 877 3810 sint
904 3748 1023 3811 conati.
1071 3747 1196 3814 Tamen
1227 3763 1400 3840 utrumque

278 3847 369 3912 nullo
397 3858 590 3933 argumento
621 3848 871 3915 demonstratur.
913 3850 998 3914 Nam
1031 3850 1119 3936 quod
1153 3851 1232 3918 dicit
1264 3856 1400 3943 Gruppo

278 3951 390 4015 uxoris
417 3953 617 4017 mentionem
644 3974 709 4016 non
739 3952 900 4038 quadrare
922 3953 957 4016 in
980 3974 1085 4039 genus
1107 3957 1213 4040 poesis
1236 3957 1400 4044 elegiacos

277 4053 340 4118 hoc
372 4053 452 4142 quid
485 4055 548 4120 sibi
581 4055 660 4122 velit
692 4077 824 4141 prorsus
861 4077 927 4120 non
965 4079 1131 4144 assequor.
1195 4061 1398 4148 Scaligerum

277 4167 385 4226 autem
419 4158 551 4224 cosdem
582 4180 698 4226 versus
731 4157 773 4225 ab
807 4159 869 4226 Irae
897 4158 1016 4248 elegia,
1049 4171 1085 4228 ut
1114 4163 1148 4229 in
1176 4163 1241 4230 fine
1272 4165 1398 4256 elegiae
