3116 4746
648 396 688 460 33
743 487 765 492 -.

170 575 398 663 Oonjecturam
433 589 541 644 autem
585 580 760 666 quandam,
791 603 888 667 quam
920 582 996 647 olim
1028 584 1226 667 excogitavit

107 679 194 744 Frid.
217 678 414 745 Ritschelius
438 681 493 748 cfr.
516 681 736 767 Eschenburg
751 684 818 748 obs.
839 705 912 768 pag.
929 687 991 765 28,
1015 687 1120 754 virum
1137 686 1225 749 hunc

106 783 493 868 inlustrissimumnuper
506 785 637 848 missam
654 785 759 848 facere
776 794 807 850 et
821 787 855 849 in
871 789 985 850 ceteris
999 787 1036 850 L.
1053 787 1224 852 Mtillerum

107 894 253 949 secutum
282 908 403 949 novum
432 887 595 972 quoddam
626 897 843 951 commentum
866 887 967 952 multo
990 890 1104 953 fortius
1128 871 1225 976 quam

107 987 194 1072 quod
226 988 263 1051 L.
296 987 416 1051 Muller
446 990 613 1072 proposuit
645 989 686 1053 ob
720 1011 855 1076 eamque
889 1012 1036 1054 caussam
1066 995 1101 1055 in
1123 1001 1253 1055 totum·

106 1089 221 1172 harum
250 1092 482 1154 sententiarum
511 1114 633 1155 nexum
660 1092 888 1176 multomagis
912 1092 1075 1178 quadrans
1098 1083 1225 1157 mecum

106 1194 346 1256 communicare
375 1195 509 1257 memini
539 1215 612 1258 cum
642 1195 816 1260 scriberet:
839 1203 939 1276 „tunc
961 1194 1040 1258 ubi“
1062 1219 1120 1280 pro
1142 1196 1226 1278 „hac

105 1293 193 1357 ubi“.
232 1293 531 1382 Transpositionem
554 1307 661 1361 autem
672 1293 835 1360 ⁴versuum
852 1296 1080 1361 Miillerianam
1095 1308 1228 1384 propter

105 1396 252 1462 locorum
275 1399 377 1461 ineis
400 1408 724 1463 commemoratorum
748 1401 845 1463 situm
862 1422 993 1485 prorsus
1009 1402 1226 1464 necessariam

105 1521 125 1562 a
146 1499 278 1584 Voigtio
307 1500 370 1582 „da
391 1509 507 1586 quarto
527 1501 688 1586 Propertii
718 1500 823 1566 libro“
845 1523 919 1586 pag.
942 1505 994 1568 33.
1017 1502 1107 1566 nullo
1130 1503 1226 1568 modo

20 1613 22 1692 ζ
103 1601 257 1688 rejectam
287 1624 356 1666 esse
380 1603 450 1687 jam
473 1602 528 1667 alii
555 1603 732 1667 rectissime
755 1604 953 1667 adnotarunt
974 1597 1050 1668 vide
1072 1605 1227 1668 Zarnckii

20 1711 21 1792 j
104 1705 223 1768 diurna
246 1727 330 1790 quae
354 1704 569 1770 Centralblatt
591 1706 816 1770 inscribuntur
839 1727 914 1768 ann.
940 1709 1032 1774 1872.
1056 1729 1129 1791 pag.
1154 1709 1227 1773 774.

104 1817 136 1872 et
158 1807 258 1872 indic.
280 1806 392 1893 philol.
416 1810 493 1871 anni
519 1810 609 1874 1873.
632 1808 708 1871 fasc.
733 1806 805 1871 VII.
829 1829 902 1892 pag.
922 1801 999 1876 358.

20 1905 21 1920 ¹
170 1909 392 1974 Vindicandos
420 1908 521 1996 igitur
542 1909 710 1994 Propertio
733 1931 847 1973 versus
871 1919 1023 1994 quattuor
1044 1911 1085 1974 de
1108 1910 1226 1996 quibus

104 2012 304 2098 disputatum
335 2021 384 2076 est
411 2035 484 2076 cum
513 2013 702 2093 viderimus,
733 2013 900 2096 quaeritur
930 2013 970 2076 de
993 2014 1226 2076 sententiarum

103 2136 205 2194 nexu,
229 2120 293 2201 quo'
317 2121 390 2178 euni
414 2115 470 2190 eis,
493 2137 577 2200 quae
601 2114 808 2195 antecedunt,
833 2114 997 2199 conjuncti
1021 2124 1105 2178 sunt.
1136 2113 1227 2178 Vitu‘-

20 2279 21 2284 ,
102 2217 270 2304 peraridus
293 2227 400 2281 autem
424 2225 472 2279 est
495 2216 637 2298 Volzius,
662 2216 758 2302 quod,
782 2238 856 2279 cum
878 2218 1100 2280 recentissima
1123 2226 1226 2281 aetate

20 2347 21 2398 4
102 2318 230 2404 publici
247 2319 332 2403 juris
353 2319 429 2382 fecit
449 2318 585 2404 eclogen
602 2318 782 2381 carminum
800 2318 1016 2403 elegiacorum
1032 2319 1226 2400 „Romische

20 2453 21 2466 κ
103 2420 242 2504 Elegie“
256 2421 455 2506 inscriptam,
477 2419 646 2502 lacunam,
660 2444 757 2507 quarn
780 2421 817 2484 L.
833 2420 953 2484 Muller
969 2431 1133 2504 statuerat,
1150 2424 1226 2486 omi·

104 2524 147 2586 sit
177 2545 251 2607 pag.
283 2525 354 2590 116.
398 2523 482 2586 Nam
512 2545 709 2608 quamquam
739 2523 817 2586 latet
840 2547 898 2588 cur
920 2524 974 2588 hic
995 2545 1108 2588 versus
1133 2547 1227 2611 quos-

105 2626 181 2688 dam
215 2626 375 2689 excidisse
408 2627 580 2710 putaverit,
615 2635 724 2688 tamen
757 2626 910 2690 videntur
942 2626 1053 2708 verba,
1088 2649 1226 2712 quorum

20 2759 21 2766 κ
103 2749 220 2791 caussa
242 2727 404 2814 particula
426 2727 592 2813 „quippe“
615 2726 755 2808 additur,
779 2736 961 2811 temporum
984 2729 1105 2814 injuria
1121 2728 1227 2793 deleta

105 2853 175 2893 esse
211 2830 306 2894 talia:
346 2851 426 2906 „nec
456 2828 561 2892 facilis
592 2829 732 2914 pristina
760 2828 819 2891 illa
848 2839 953 2894 aetate
981 2829 1138 2895 militibus
1170 2833 1227 2915 qui

20 2927 21 3006 J
105 2942 180 2996 usta
201 2933 325 3017 proelia
346 2932 436 2996 nuda
459 2932 538 2995 sude
560 2930 741 2994 miscebant
764 2941 832 2994 erat
846 2934 1015 2997 victoriam
1030 2937 1227 3018 reportare.“

20 3037 21 3040 ’
105 3037 188 3099 Nam
212 3036 300 3121 quod
324 3035 561 3099 contenderunt
582 3033 759 3098 Forcellini
781 3034 844 3098 lex.
867 3035 927 3117 HI,
950 3038 1021 3102 656.
1046 3044 1076 3098 et
1098 3056 1227 3098 accura-

105 3139 170 3201 tius
192 3139 234 3202 K.
258 3139 296 3204 Ο.
320 3138 441 3203 Mulier
461 3139 496 3202 in
519 3136 783 3201 adnotationibus
807 3138 848 3202 ad
871 3139 959 3200 Festi
982 3138 1157 3201 editionem
1174 3137 1227 3200 ad-

20 3315 21 3324 ,
100 3241 199 3327 jectis
222 3263 298 3328 pag.
319 3245 392 3309 399.
417 3240 498 3305 illud
520 3242 687 3326 „quippe“
710 3242 841 3325 proprie
864 3263 934 3304 esse
956 3262 991 3302 re
1013 3262 1092 3304 vera
1110 3242 1227 3304 miran-

106 3345 158 3422 tis,
181 3346 237 3429 qui
260 3367 311 3408 res
334 3345 428 3409 aliter
450 3366 519 3408 esse
541 3343 651 3428 possit,
675 3352 706 3406 et
728 3344 982 3432 comparandum
1005 3366 1079 3406 cum
1100 3343 1228 3407 Graeco

106 3449 174 3520 πῶς
206 3445 245 3510 od
277 3447 322 3509 ita
350 3456 390 3510 ut
416 3445 610 3510 affirmativa
638 3446 764 3509 ratione
795 3447 943 3510 similiter
972 3455 1069 3532 atque
1095 3451 1227 3528 „certe“

107 3557 292 3632 usurpetur,
322 3571 388 3613 non
419 3571 532 3613 verum
563 3556 620 3610 est.
654 3547 709 3610 cfr.
731 3547 881 3612 Ribbeck
903 3549 1077 3631 „Beitr'atge
1099 3570 1141 3610 zu
1164 3545 1226 3610 deu

107 3651 162 3714 lat.
184 3650 376 3714 Partikeln“
408 3674 482 3736 pag.
514 3654 562 3717 17.
594 3673 642 3734 sq.
677 3649 734 3713 cfr.
765 3651 862 3714 etiam
890 3649 1079 3736 Liitjohann
1110 3671 1226 3714 comm.

106 3775 181 3839 pag.
203 3754 254 3818 44.

170 3857 191 3922 J
193 3879 245 3920 am
261 3877 338 3919 vero
354 3875 465 3918 versus
481 3858 628 3923 3a—54.
645 3878 664 3918 a
678 3856 846 3943 Propertio
863 3857 1028 3943 abjudicat
1038 3853 1226 3940 Liitjohann

106 3979 180 4044 pag.
196 3961 247 4025 26.
264 3981 321 4043 sq.·
353 3959 402 4022 Ac
417 3960 557 4043 primum
578 3959 683 4022 haesit
698 3959 731 4023 in
747 3981 826 4023 voce
841 3959 1012 4041 „melius,“
1035 3979 1118 4037 cum,
1142 3946 1227 4042 quae

106 4061 184 4125 urbs
212 4071 430 4148 comparetur,
458 4083 523 4124 non
546 4070 669 4146 pateat,
697 4070 810 4124 contra
831 4061 858 4124 si
881 4082 955 4123 cum
976 4069 1042 4124 toto
1066 4057 1143 4123 orbe
1166 4067 1226 4120 ter·

105 4185 214 4228 rarum
237 4164 372 4228 Romam
396 4164 534 4227 conferri
555 4163 682 4245 credas,
705 4163 871 4248 „optime“
895 4159 1151 4247 exspectandum
1167 4170 1224 4225 est.

1053 4281 1070 4334 3
