3116 4746
700 319 739 385 13

616 408 818 418 ——-—

158 511 268 567 turum
298 504 409 570 fuisse.
440 505 552 572 Redit
574 529 605 570 v.
628 508 679 574 39.
709 505 750 570 ad
780 529 833 588 ea,
862 506 1023 593 aquibus
1045 510 1211 595 inceperat
1232 505 1278 570 ita

159 614 268 670 tamen
283 637 286 652 -·
301 616 338 671 ut
367 610 481 696 jocose
510 632 541 673 v.
563 611 616 676 49.
639 611 690 675 50.
730 610 823 694 opica
851 610 1003 674 carmina
1030 633 1072 676 ne
1098 607 1278 674 concedere

159 708 292 795 quidem
322 711 385 776 sibi
408 711 585 797 Cynthium
613 715 738 780 innuat.
789 712 957 778 Postrema
986 713 1147 778 sententia
1169 734 1208 774 ea
1230 721 1279 774 est

159 833 302 876 amorem
322 813 472 878 morbum
495 815 630 881 fortasse
653 837 723 881 esse
741 815 799 880 sed
813 815 1045 898 insanabilem3
1068 815 1187 880 durum
1202 835 1277 878 eum

159 936 229 980 esse
255 915 297 980 ad
318 926 472 983 mortem:
502 917 654 983 conducit
675 921 776 1004 igitur
797 939 927 982 carmen
950 918 1044 984 fictae
1065 925 1145 982 su'ae
1166 907 1278 980 mortis

158 1017 377 1104 descriptione
399 1022 478 1084 satis
500 1021 614 1086 faceta.

222 1122 243 1187 J
246 1143 298 1186 am
315 1120 356 1186 de
371 1123 488 1206 prioris
505 1123 629 1209 elegiae
645 1133 731 1190 statu
742 1126 885 1207 maxime
897 1133 1048 1212 corrupto
1060 1125 1278 1210 conjecturam

160 1225 313 1311 proponit
342 1223 607 1308 audacissimam,
638 1250 736 1314 quam
759 1229 878 1316 quibus
900 1228 1100 1313 argumentis
1123 1233 1279 1290 sustenta·
1325 1297 1327 1304 y

160 1327 245 1391 verit
274 1327 455 1392 videamus.
506 1328 545 1392 In
575 1331 725 1396 versibus
749 1335 905 1401 lu-ssa
936 1332 1035 1394 miras
1064 1331 1173 1394 inesse
1201 1349 1280 1411 erga

160 1425 383 1495 Maecenatem
412 1430 589 1496 blanditias
619 1435 762 1521 satisque
791 1435 945 1520 frigidam
972 1420 1082 1498 monet
1108 1452 1180 1494 esse
1202 1427 1279 1492 adu-

160 1533 327 1597 lationem.
362 1533 574 1619 Elegantiora
596 1558 673 1600 vcro
697 1538 840 1603 concedo
861 1537 963 1602 verba
984 1536 1128 1625 potuisse
1143 1534 1279 1618 Proper·

159 1637 242 1700 tium
272 1635 422 1701 scribere.
468 1637 533 1702 Sed
556 1661 598 1702 ex
620 1629 671 1702 his
694 1641 903 1706 nullomodo
927 1640 1082 1720 efficitur,
1110 1646 1147 1701 ut
1168 1655 1280 1700 omnes

159 1739 194 1803 hi
216 1761 331 1803 versus
354 1741 457 1826 spurii
480 1739 623 1806 habendi
638 1743 712 1806 sint.
749 1743 880 1808 Deinde
896 1751 1068 1831 quaepost
1082 1763 1210 1806 versum
1227 1741 1278 1805 38.

160 1841 309 1926 legamus
343 1864 409 1907 non
448 1844 608 1932 quadrare
643 1845 723 1909 dicit
756 1839 833 1911 cum
862 1848 926 1930 eis,
963 1868 1048 1934 quae
1076 1841 1278 1908 antecedant.

158 1945 232 2011 Hoc
260 1946 300 2009 de
329 1955 521 2032 argumento
552 1957 753 2036 quantopere
775 1950 889 2031 mirer,
921 1949 1029 2014 dicere
1057 1949 1116 2011 vix
1137 1966 1279 2034 possum.

160 2048 348 2114 Audiautur
376 2058 484 2114 autem
513 2051 614 2115 verba
643 2053 759 2138 ipsius:
788 2075 887 2135 „nam
911 2054 967 2139 qui
989 2050 1086 2115 modo
1108 2058 1279 2112 canturum

161 2174 195 2215 se
227 2152 327 2216 fuisse
361 2152 589 2235 contenderat‚'
622 2156 649 2218 si
683 2164 792 2240 posset
824 2157 858 2219 in
892 2177 983 2219 arma
1016 2153 1136 2218 ducere
1164 2152 1280 2216 heroas

161 2275 294 2334 manus,
324 2277 376 2319 res
405 2255 446 2319 ab
468 2261 618 2342 Augusto
648 2267 773 2342 gestas,
803 2257 889 2321 idem
917 2256 1279 2338 1noxversu42rnon

160 2359 336 2422 convenire
358 2358 528 2444 profitetur
548 2360 740 2445 praecordia

305 2508 307 2512 -
402 2469 520 2525 Caesaris
539 2472 567 2524 in
584 2472 715 2542 Phrygios
733 2472 842 2526 condere
861 2489 955 2526 nomen
973 2488 1041 2524 avos.

161 2564 225 2628 Hic
258 2564 359 2648 igitur
391 2564 471 2629 alias
504 2587 556 2628 res
587 2565 704 2651 dignas
733 2588 816 2652 quae
847 2574 1006 2630 canantur
1033 2565 1079 2628 ita
1104 2563 1212 2644 affert,
1246 2569 1282 2624 ut

160 2689 294 2754 prorsus
322 2666 444 2733 oblitus
474 2691 545 2732 esse
573 2668 724 2732 videatur
752 2669 848 2732 modo
872 2691 906 2732 se
929 2670 1035 2753 egisse
1058 2666 1098 2730 de
1120 2665 1218 2730 rebus
1240 2663 1281 2728 ab

160 2772 231 2854 ipso
248 2771 396 2855 Augusto
423 2773 552 2856 gestie.“
598 2771 799 2835 Sententiam
821 2780 937 2855 poetae
959 2793 1023 2836 non
1042 2779 1090 2833 est
1105 2776 1281 2833 assecutus.

161 2873 245 2938 Nam
274 2875 360 2936 inter
390 2873 470 2938 alias
500 2875 559 2938 has
589 2897 639 2938 res
669 2884 701 2938 et
722 2874 865 2957 Augusti
895 2872 1025 2938 laudem
1053 2872 1088 2938 id
1110 2870 1283 2935 intercedit

162 2976 400 3059 similitudinis,
432 2988 469 3041 ut
496 2988 639 3042 remotae
668 2979 734 3042 sint
762 2985 919 3063 utraeque
949 2999 968 3040 a
995 2977 1086 3063 poesi
1117 2975 1281 3039 amatoria.

161 3078 271 3142 Aliam
309 3088 416 3144 autem
455 3083 623 3146 materiam
660 3092 757 3168 atque
794 3080 971 3165 elegiacam
1008 3101 1075 3143 non
1108 3077 1283 3141 convenire

162 3181 331 3268 Propertio
355 3180 416 3246 hoo
438 3184 545 3269 ipsum
568 3183 651 3249 illud
674 3197 732 3264 est,
757 3182 844 3270 quod
868 3182 1146 3246 demonstraturus
1169 3188 1247 3244 erat.

214 3270 301 3349 'Jam
322 3307 399 3348 vero
423 3285 664 3351 Heir'nreichius
692 3288 725 3350 in
749 3309 786 3350 co
810 3286 928 3364 haesit,
951 3284 1039 3370 quod
1061 3292 1156 3370 poeta
1177 3282 1282 3368 primo

163 3409 260 3452 versu
290 3409 356 3452 non
384 3389 426 3452 ad
448 3390 670 3454 Maecenatem
700 3389 758 3453 sed
785 3389 826 3453 ad
855 3410 966 3454 omnes
993 3389 1130 3454 lectores
1153 3409 1187 3452 se
1210 3407 1283 3450 con-

162 3492 269 3557 vertit.
314 3489 378 3554 Sed
400 3493 465 3578 jam
489 3502 662 3579 antequam
687 3492 946 3557 dissertationem
968 3492 1059 3556 illam
1075 3492 1282 3555 Bonnensenr

162 3593 220 3657 ille
242 3594 382 3679 scripsit,
403 3594 639 3680 Hertzbergius
663 3595 702 3675 Q.
718 3595 754 3658 P.
778 3619 851 3681 pag.
870 3598 940 3662 115.
965 3617 1011 3680 sq.
1037 3593 1076 3656 dc
1099 3591 1191 3656 verbi
1214 3615 1283 3678 per·-

164 3718 318 3761 sonarum
341 3697 519 3761 mutatione
541 3720 642 3782 agens
665 3699 808 3763 firmavit
830 3698 891 3762 hoo
914 3720 955 3762 ne
977 3697 1131 3761 minimae
1151 3693 1283 3782 quidem

162 3798 257 3878 nobis
280 3799 452 3863 offensioni
475 3822 543 3864 esse
567 3800 695 3868 debere.
1113 3797 1115 3804 ’

226 3902 266 3967 Id
282 3904 411 3988 quoque
426 3902 550 3969 nullius
565 3905 720 3969 momenti
736 3913 795 3987 est,
816 3903 904 3991 quod
918 3903 1159 3970 Heinrrcichius
1175 3911 1285 3968 monet

164 4017 293 4093 poetam
324 4007 370 4070 ita
399 4005 522 4093 alloqui
544 4006 767 4073 Maecenatem
798 4008 891 4092 quasi
919 4008 954 4070 in
976 4008 1124 4071 intimam
1147 4006 1218 4092 ejus
1240 4006 1284 4069 sa·
1339 4085 1341 4090 ,

164 4109 382 4175 miliaritatem
399 4118 549 4198 receptus
566 4110 617 4192 sit,
640 4117 753 4176 contra
766 4109 810 4191 Il,
825 4113 852 4192 1,
877 4115 925 4179 73.
943 4119 975 4175 et
990 4108 1047 4191 1v,
1059 4113 1089 4191 a,
1107 4112 1135 4175 1.
1157 4129 1285 4173 summa
