3116 4746
818 321 861 387 30

739 413 939 422 -..,--.

278 508 423 596 pendere
444 509 558 592 voluit,
592 511 682 598 quod
697 512 767 598 jam
791 532 830 576 eo
853 510 994 590 reicitur,
1029 509 1118 597 quod
1140 533 1318 598 numquam
1341 511 1409 576 Bo-

274 611 429 676 villanum
462 611 540 677 urbs
573 613 734 699 singulari
770 634 907 678 numero
944 623 1131 698 usurpatur.
1190 613 1275 678 Nam
1311 613 1410 678 loeus

275 713 426 778 Frontini
442 714 483 778 de
498 714 635 781 coloniis
650 739 724 804 pag.
744 719 825 798 103,
848 737 944 802 quem
960 716 1065 780 solum
1081 715 1232 781 Klotzius
1247 717 1281 780 in
1297 716 1409 780 lexico

277 814 399 898 attulit,
430 819 620 888 auctoritate
648 840 782 903 prorsus
811 826 910 884 caret.
955 818 1027 884 Hoc
1057 819 1145 884 enim
1175 818 1246 883 loco
1274 817 1410 884 Bovilla

275 939 342 982 non
376 919 410 983 in
444 919 594 986 omnibus
629 920 828 986 membranis
859 921 918 986 sed
939 923 974 986 in
997 921 1071 985 aliis
1092 920 1252 1003 „Bobile“
1273 920 1409 1006 legitur.

277 1020 346 1085 Nec
368 1023 473 1107 magis
496 1023 604 1109 placet
626 1023 832 1110 Hertzbcrgii
852 1025 944 1105 ratio,
968 1025 1023 1111 qui
1039 1024 1236 1104 „maximam
1253 1023 1410 1089 turbam“

277 1146 391 1204 versus
421 1126 590 1210 utriusque
613 1129 664 1192 33.
685 1129 738 1194 34.
761 1126 983 1213 praedicatum
1006 1149 1075 1192 esse
1098 1125 1273 1191 arbitratus
1296 1127 1407 1190 locum

275 1226 419 1311 pedestri
459 1229 605 1292 oratione
640 1251 717 1293 usus
751 1229 797 1294 ita
830 1228 1083 1294 circumscribit:
1112 1227 1284 1309 „Bovillae
1319 1250 1408 1314 quae

276 1350 365 1394 nunc
395 1331 503 1394 minus
533 1353 631 1417 quam
656 1353 758 1415 parva
781 1331 859 1396 urbs
882 1333 904 1395 i.
928 1352 956 1395 e.
980 1353 1021 1394 ne
1044 1352 1147 1416 parva
1169 1331 1300 1416 quidem
1325 1328 1407 1394 urbs

276 1453 338 1495 nec
367 1432 430 1495 nisi
454 1434 548 1496 viem
570 1431 780 1499 suburbanus
811 1444 875 1517 eat,
898 1442 930 1499 et
952 1433 1060 1514 Gabii,
1084 1434 1141 1519 qui
1164 1433 1296 1498 omnino
1319 1432 1408 1496 nulli

276 1542 367 1615 sunt,
391 1543 470 1597 tnnc
493 1535 637 1599 maxima
658 1537 755 1600 turba
776 1538 940 1602 fuerunt.“
984 1536 1075 1600 Haec
1097 1537 1185 1600 enim
1207 1557 1274 1599 non
1297 1534 1404 1598 solum

276 1635 317 1701 ob
345 1658 418 1700 eam
447 1659 597 1702 caussam
626 1638 758 1723 probari
787 1663 854 1704 non
876 1649 1022 1727 possunt,
1045 1638 1144 1726 qnod,
1168 1637 1291 1724 siquis
1315 1639 1407 1702 vocis

275 1737 528 1818 „suburbanae“
556 1741 723 1805 notionem
753 1743 863 1806 animo
893 1742 1042 1820 volverit,
1072 1741 1112 1805 de
1139 1740 1245 1804 Roma
1274 1741 1406 1824 cogitat,

276 1839 394 1904 deinde
417 1841 530 1904 eadem
554 1841 645 1906 urbia
666 1865 746 1908 voce
761 1867 829 1909 non
845 1843 914 1910 κατ’
929 1839 1041 1929 ἒξοχήν
1054 1844 1159 1907 Roma
1173 1843 1231 1908 aed
1246 1842 1405 1928 oppidum

277 1942 448 2028 quodlibet
485 1943 705 2028 significatur,
742 1946 800 2010 sed
837 1947 934 2010 etiam
970 1954 1143 2032 propterea
1183 1945 1300 2033 quod,
1329 1967 1406 2010 cnm

277 2045 437 2126 versibus,
461 2047 517 2132 qui
541 2047 743 2133 praecedunt
764 2049 804 2114 de
827 2048 919 2112 nullo
935 2057 1080 2135 tempore
1095 2049 1157 2111 nisi
1174 2046 1214 2113 de
1230 2048 1405 2132 praeterito

276 2146 380 2211 verba
402 2146 487 2212 facta
509 2150 582 2230 sint,
605 2151 639 2214 in
655 2173 754 2216 versu
769 2156 822 2219 33.
838 2174 880 2216 ex
897 2153 953 2231 eis,
976 2173 1060 2238 quae
1076 2164 1239 2231 secuntur,
1255 2171 1406 2235 praesen-

275 2251 316 2314 tis
344 2252 432 2314 notio
461 2249 551 2316 haud
580 2252 723 2339 eleganti
754 2257 879 2319 ratione
901 2253 1141 2340 praesumitur.¹
1171 2252 1279 2316 Etiam
1303 2252 1406 2317 altera

275 2352 499 2439 interpretatio
530 2378 628 2441 quam
658 2357 750 2421 addit
781 2357 1016 2442 llertzbergius
1037 2355 1170 2443 probari
1192 2355 1315 2442 nequit,
1339 2377 1405 2440 qua

276 2455 323 2518 ita
345 2465 516 2521 struuntur
538 2458 656 2522 verba:
678 2458 829 2523 Bovillae
852 2481 942 2523 nuno
964 2468 1061 2522 ancta
1082 2457 1187 2520 Roma
1209 2459 1325 2544 (parva
1347 2458 1405 2520 mi·

274 2579 337 2622 nus
360 2557 464 2645 Urbe)
488 2560 580 2623 vicus
604 2559 812 2625 suburbanus
835 2571 869 2626 et
890 2559 994 2625 veluti
1015 2561 1118 2646 ipsius
1139 2560 1228 2623 urbis
1243 2559 1406 2647 particula

275 2682 406 2724 annexa
420 2670 499 2726 tunc
515 2662 657 2726 maxima
671 2661 769 2727 turba
782 2662 851 2729 fuit.
877 2662 961 2727 Nam
978 2663 1119 2748 primum
1135 2684 1259 2747 „parva
1274 2664 1405 2726 minus“

276 2785 335 2850 pro
363 2764 530 2850 „majore“
557 2765 627 2829 sive
655 2771 796 2847 „aueta“
824 2765 865 2830 ab
896 2766 1018 2850 optimo
1046 2766 1203 2852 scriptore
1226 2763 1333 2850 qualis
1356 2772 1405 2828 est

275 2866 463 2952 Propertius
487 2889 632 2953 unquam
656 2877 850 2952 usurpatum
875 2889 945 2931 esse
967 2889 1100 2955 prorsus
1124 2889 1219 2952 nego.
1256 2865 1404 2947 Accedit,

276 2969 364 3055 quod
387 2970 430 3033 ad
452 2991 501 3050 ea,
525 2991 610 3056 quae
634 2969 674 3034 de
697 2969 835 3034 Bovillis
859 2970 1023 3050 dicuntur,
1047 2970 1167 3050 exeis,
1192 2991 1276 3056 quae
1292 2977 1406 3054 postea

275 3069 425 3156 legimus,
455 3070 618 3158 particula
646 3080 777 3153 „nunc“
808 3072 893 3138 male
919 3072 1099 3157 suppletur.
1145 3070 1238 3152 Quae
1261 3093 1335 3136 cum
1358 3071 1406 3134 ita

280 3175 353 3249 sint,
381 3176 585 3261 conjecturas
615 3185 864 3260 proposuerunt.
909 3174 953 3239 Et
979 3175 1181 3239 Passeratius
1203 3172 1336 3260 quidem
1360 3173 1404 3236 al-

231 3275 233 3280 ’
274 3285 377 3340 teram
412 3275 455 3340 ad
487 3297 575 3358 eam,
610 3276 651 3341 de
680 3298 746 3364 qua
769 3279 840 3360 jam
864 3276 986 3343 dictum
1002 3287 1067 3358 est,
1096 3278 1256 3340 rationem
1280 3275 1405 3339 addens

275 3377 375 3442 scribi
399 3380 499 3465 jussit
527 3401 672 3465 „parvae
700 3381 842 3444 minus“.
886 3381 936 3444 Ac
965 3381 1106 3467 primum
1131 3386 1244 3444 notatu
1266 3376 1404 3461 dignum

274 3480 359 3545 illud
386 3489 552 3568 „parvae“
580 3503 703 3547 meram
734 3505 804 3547 esse
832 3482 1054 3568 conjecturam
1082 3505 1190 3568 neque
1213 3481 1404 3546 auctoritate

275 3583 337 3648 niti
359 3585 518 3650 codicum.
564 3583 647 3650 Nam
671 3607 869 3671 quamquam
885 3585 1097 3650 Burmannus
1113 3606 1256 3670 „parvae
1272 3584 1404 3648 nrinua‘t

274 3686 309 3750 in
339 3685 431 3752 libris
460 3687 657 3774 quibusdam
687 3688 917 3772 manuscriptis
947 3687 1012 3773 legi
1042 3688 1137 3753 docet
1163 3696 1273 3752 tamen
1296 3707 1404 3773 neque

274 3799 425 3855 accurate
455 3813 508 3856 eos
538 3790 702 3876 significat
732 3800 763 3854 et
790 3790 825 3853 in
848 3790 1015 3854 codicibus
1038 3789 1228 3855 melioribus
1250 3788 1403 3854 omnibus

272 3916 398 3980 „parva
426 3894 557 3958 minua“
585 3901 756 3957 exaratum
786 3890 917 3976 legitur.
963 3893 1055 3957 Haec
1087 3902 1196 3958 autem
1226 3891 1401 3956 Passeratii

274 3997 462 4082 conjectura
488 4005 662 4083 propterea
692 3995 798 4079 magis
827 3994 949 4080 placet,
981 3995 1070 4082 quod
1098 4017 1240 4081 „parvae
1272 3995 1403 4058 minus“

275 4119 333 4182 pro
366 4099 548 4185 „majorcs“
581 4097 786 4182 Propertium
821 4096 928 4162 dicere
958 4099 1103 4185 potuisse
1125 4097 1314 4184 negandum
1344 4106 1401 4162 est.
