3116 4746
770 323 876 402 Ι18

292 516 438 572 amantes
461 509 595 573 medicis
618 529 685 574 non
708 517 815 594 egent.
855 509 906 574 Ite
927 532 1002 576 cum
1026 534 1057 577 v.
1074 513 1104 579 5.
1122 515 1152 580 6.
1175 532 1251 576 cum
1267 520 1332 577 toto
1348 533 1424 576 sen-

185 682 189 688 ,
292 611 469 674 tentiarum
492 633 581 676 nexu
603 611 681 676 satis
704 619 780 696 apte
801 611 976 678 cohaerere
1000 614 1184 694 videantur,
1208 635 1274 678 non
1298 623 1348 678 est
1362 636 1425 678 eur

291 735 413 776 nexum
438 733 570 796 prorsus
593 712 707 778 abesse
728 713 952 780 Heimreiohio
974 716 1202 781 concedamus.

356 814 401 879 Ut
421 824 495 901 post
516 837 548 878 v.
570 817 602 882 4.
628 815 741 909 deesse
763 815 924 902 quaedam
946 817 1116 882 contendit
1133 818 1323 882 Heimreich
1346 827 1425 905 post

261 963 264 971 .
291 939 322 980 v.
348 919 398 984 16.
448 917 574 981 Eadem
602 918 718 982 iterum
747 917 1000 1003 argumentandi
1021 919 1146 986 levitas.
1192 920 1306 1007 Neque
1333 921 1422 984 enirn

292 1019 373 1105 qnid
402 1019 499 1098 desit,
530 1019 682 1105 exposuit
710 1017 775 1083 ille.
820 1019 1010 1106 Propertius
1042 1030 1151 1087 antem
1182 1031 1354 1109 postquam
1379 1021 1423 1087 de

292 1123 425 1186 miseria
447 1121 616 1198 hominum
640 1121 819 1185 amantium
844 1122 920 1207 egit,
947 1123 1070 1208 optime
1093 1145 1233 1210 pergens
1256 1147 1327 1190 sese
1350 1147 1423 1212 spe·

182 1309 185 1314 ⁵
293 1247 366 1288 rare
395 1224 475 1288 dicit
502 1223 612 1288 hostes
639 1245 715 1287 suos
744 1223 858 1288 eodem
890 1225 986 1290 modo
1012 1234 1049 1290 ut
1070 1225 1142 1312 ipse
1159 1227 1229 1313 jam
1253 1227 1422 1292 amoribus

294 1325 479 1412 puellarum
509 1334 623 1412 captus
651 1325 749 1390 fuerit
779 1348 927 1391 amorum
957 1327 1126 1394 doloribus
1157 1331 1337 1394 cruciatum
1368 1330 1427 1395 iri.-

356 1428 471 1515 Itaque
500 1449 574 1492 cum
601 1429 636 1492 in
666 1427 772 1514 elegia
793 1428 837 1510 ΙΙ,
855 1432 883 1495 1.
912 1439 945 1494 et
965 1431 1001 1494 in
1026 1431 1170 1496 carmine
1196 1431 1241 1512 ΙΙ,
1257 1434 1287 1500 4.
1311 1432 1425 1496 omnia

256 1556 258 1563 ·
293 1540 380 1596 recte
401 1529 589 1616 procedant,
606 1553 680 1596 eum
692 1531 915 1598 Heimreichio
931 1533 1137 1622 conjectandi
1149 1534 1274 1600 occasio
1287 1551 1423 1621 prorsus

294 1641 442 1698 nonest.

755 1742 958 1752 ..φ-

612 1909 671 1975 111.
715 1907 779 1974 os
801 1908 971 1974 anesin
994 1909 1020 1989 1,
1036 1892 1103 1978 ab.

357 2044 495 2129 Elegiae
532 2045 556 2126 l,
578 2044 637 2113 eb.
667 2045 915 2132 dispositionem
943 2045 1028 2112 male
1056 2045 1138 2110 milri
1164 2046 1294 2112 videtur
1323 2069 1421 2133 expo·

294 2148 401 2212 suisse
423 2147 607 2233 Hertzberg
630 2170 661 2235 q.
683 2149 877 2235 Prop.·pag.
903 2151 965 2231 82„
989 2149 1112 2236 quippe
1135 2150 1192 2237 qui
1213 2158 1278 2214 tam
1301 2172 1422 2235 parvas

264 2313 268 2320 ,
294 2251 337 2314 in
357 2251 536 2335 particulas
559 2273 681 2336 easque
704 2252 884 2335 permultas
907 2273 1039 2316 carmen
1062 2251 1249 2333 dissecamt,
1271 2262 1308 2317 ut
1330 2261 1422 2338 quat-

293 2362 368 2417 tuor
401 2362 509 2439 partes
542 2352 682 2438 singulis
716 2351 863 2418 distichis
893 2355 1054 2419 contineri
1082 2363 1246 2422 statueret.
1306 2355 1421 2441 Neque

295 2455 475 2542 quidquam
505 2456 586 2520 mihi
614 2455 778 2541 persuasit
803 2455 954 2520 Prienius
983 2457 1019 2520 in
1046 2456 1131 2522 libro
1154 2459 1211 2545 qui
1232 2456 1423 2522 inscribitur

293 2558 511 2643 „Symmetrie
546 2557 615 2621 und
636 2557 841 2642 Responsion
870 2563 952 2624 etc.“
978 2581 1054 2646 pag.
1076 2562 1129 2626 41.
1158 2560 1361 2645 prooemium
1390 2571 1422 2623 st

294 2661 534 2745 perorationem
550 2658 751 2728 contendens
767 2658 854 2726 binis
870 2659 1018 2726 distichis
1034 2672 1147 2728 contra
1161 2663 1266 2750 ipsam
1282 2661 1421 2746 elegiam

294 2760 398 2826 tribus
421 2761 568 2828 distichis
592 2763 760 2826 contineri.
806 2763 911 2828 Aliter
933 2763 1179 2831 Miillenhoffius
1202 2767 1237 2829 in
1260 2786 1336 2829 ann.
1352 2763 1421 2828 Kil.

294 2886 380 2936 anno
405 2867 496 2932 1854.
528 2865 623 2930 editis
652 2874 805 2951 quattuor
831 2875 939 2950 partes
962 2866 1125 2949 distinxit,
1154 2889 1298 2955 quarum·
1315 2868 1422 2953 prima

294 2976 326 3029 et
357 2967 502 3032 secunda
531 2966 679 3032 distichis
701 2969 812 3047 241,
841 2970 937 3033 tertia
965 2979 997 3033 et
1018 2980 1134 3057 quarta
1155 2971 1242 3035 binis
1264 2970 1422 3034 formatur

295 3066 445 3133 distichis
475 3071 598 3156 (ll-l,
621 3072 729 3149 241,
752 3073 782 3151 2,
805 3069 850 3156 2).
892 3070 992 3135 ·Haec
1014 3082 1122 3137 autem
1146 3073 1316 3138 dividendi
1338 3071 1420 3137 ratio

292 3179 465 3257 propterea
487 3172 621 3236 fortasse
644 3174 749 3258 magis
771 3171 888 3257 placet,
912 3174 1001 3259 quod
1021 3197 1135 3240 versus
1154 3178 1204 3242 32.
1229 3178 1281 3247 38.
1304 3177 1355 3240 42.
1379 3173 1422 3237 ad

293 3273 392 3338 finem
408 3274 507 3339 trium
523 3275 666 3359 partium
681 3284 849 3361 ponuntur
863 3275 1004 3341 similem
1019 3287 1204 3365 repetentes
1216 3277 1420 3342 sententiam.
1531 3307 1533 3310 ·

297 3375 364 3440 Sed
387 3377 484 3440 etiam
507 3375 589 3441 haec
611 3379 692 3444 ratio
715 3387 802 3442 recte
824 3387 909 3444 stare
931 3402 997 3468 non
1021 3389 1134 3466 potest.
1178 3379 1262 3444 Nam
1279 3380 1420 3466 primum

295 3477 460 3542 distichon
484 3483 534 3547 31.
551 3503 599 3567 sq.
622 3479 664 3556 ab
688 3502 736 3564 eo,
760 3482 847 3567 quod
863 3504 928 3560 uno
944 3483 1124 3571 eodemque
1139 3483 1331 3570 pronomine
1347 3503 1421 3546 ana·

293 3580 417 3666 phorae
440 3583 566 3648 ratione
589 3583 756 3649 adsertam
778 3584 914 3670 legitur,
943 3607 1113 3652 secernere
1135 3587 1193 3650 vix
1215 3593 1328 3676 aptum
1351 3605 1421 3648 esse

292 3682 432 3748 videtur.
483 3684 550 3751 sed
584 3687 711 3752 accedit
746 3687 849 3752 multo
882 3688 1015 3774 gravius
1046 3697 1285 3774 argumentum·
1335 3686 1420 3750 Nam

293 3809 493 3874 quamquam
516 3787 553 3852 L.
577 3787 697 3854 Miiller
725 3791 759 3853 in
781 3790 983 3878 praefatione
1005 3790 1157 3857 editionis
1179 3811 1312 3877 prorsus
1335 3798 1421 3854 tacet

293 3888 334 3952 de
357 3891 414 3973 eis,
442 3912 527 3976 quae
550 3890 591 3955 de
613 3890 712 3979 hujus
734 3893 859 3978 elegiae
881 3893 947 3958 fine
970 3893 1150 3981 disputavit
1172 3894 1260 3960 Guil.
1284 3895 1420 3960 Fischer

293 3990 334 4055 de
361 3989 422 4058 loc.
454 3991 544 4080 quib.
574 3993 672 4080 Prop.
701 4017 777 4080 pag.
804 3999 852 4062 11.
881 4017 945 4083 sqq
977 4003 1086 4060 tamen
1116 3997 1196 4084 quid
1227 3997 1420 4074 huicrecte

293 4096 414 4180 opponi
435 4097 555 4183 possit,
585 4119 651 4162 non
674 4097 780 4164 video.
826 4099 959 4185 Optimo
983 4100 1070 4165 enim
1088 4101 1164 4188 jure
1186 4099 1268 4166 mihi
1290 4100 1420 4166 videtur
