3116 4746
832 317 871 382 14

287 525 362 570 cum
388 506 572 572 reverentia
593 505 634 572 de
657 505 695 572 eo
716 506 819 572 verba
841 527 1046 592 componere.
1091 505 1179 588 Quin
1195 507 1304 587 etiam,
1324 506 1353 570 si
1367 503 1414 570 de

287 608 433 672 amicitia
452 608 596 693 Augusti
624 618 657 674 et
678 608 877 674 Maecenatis
899 609 962 675 hoc
983 611 1055 674 loco
1078 617 1331 674 commemorata
1351 607 1412 673 du-

287 703 428 774 bitantes
450 709 534 775 illud
558 711 674 790 „fidele
697 721 813 799 eaput“
836 722 1026 798 corruptum
1043 733 1114 778 esse
1129 711 1344 800 suspicamur,
1367 733 1413 775 ex

285 810 350 876 lroc
371 833 437 876 non
460 812 600 880 efficitur
621 824 721 880 totam
745 816 861 880 horum
883 837 1038 882 versuum
1061 817 1178 880 scriem
1201 835 1276 882 cum
1299 815 1412 880 Helm-

286 901 495 981 reiclrioeese
517 916 708 986 eiciendum.
752 918 819 984 Sed
833 921 891 984 vix
910 921 975 985 erit
997 940 1061 1006 quo
1077 917 1304 1004 impediamur,
1330 937 1412 1004 quo-

287 1017 396 1082 minus
411 1017 495 1083 illud
512 1019 628 1098 „fidele
644 1030 761 1108 eaput“
779 1042 845 1085 non
861 1022 903 1087 ad
919 1023 1105 1104 amicitiam,
1127 1037 1212 1108 quae
1228 1016 1411 1085 Maecenati

285 1140 362 1184 eum
392 1129 490 1206 poeta
517 1121 594 1200 fuit,
625 1123 683 1189 sed
711 1124 753 1190 sd
775 1147 848 1190 earn
875 1123 1067 1206 referamus,
1098 1145 1164 1212 qua
1185 1121 1354 1210 Augustus
1377 1130 1412 1187 et

285 1220 459 1288 Maecenas
476 1226 672 1313 junguntur.

349 1357 459 1425 Etiam
483 1361 524 1426 de
547 1385 585 1428 eo
608 1375 811 1449 argumento,
834 1365 922 1453 quod
944 1365 1090 1431 omniurn
1106 1363 1335 1450 gravissimum
1351 1360 1411 1424 ille

288 1460 393 1544 addit,
424 1463 529 1550 quam⁴
549 1467 692 1530 maxime
720 1467 833 1534 dubito
854 1455 984 1556 poetam
1007 1467 1130 1533 eversis
1152 1466 1232 1531 focis
1254 1465 1411 1549 antiquae

286 1565 393 1649 gentis
408 1565 565 1633 Etruscae
587 1567 621 1632 id
644 1577 692 1634 est
712 1569 799 1637 bello
814 1573 974 1639 Perusino
993 1578 1244 1637 commemorato
1259 1589 1324 1631 non
1341 1573 1410 1630 tam

286 1664 437 1731 laudasse
459 1668 648 1755 Augustum
672 1695 771 1759 quam
795 1675 932 1760 gloriam
956 1676 1026 1761 ejus
1050 1672 1260 1752 diminuisse,
1285 1670 1409 1756 quippe

287 1770 344 1855 qui
361 1778 451 1834 tanta
466 1771 657 1839 crudelitate
673 1775 851 1844 domuisset
865 1778 1033 1864 oppidum,
1057 1784 1092 1840 ut
1107 1776 1297 1854 maximum,
1321 1770 1410 1857 quod

285 1871 343 1935 illo
379 1881 523 1958 tempore
557 1886 671 1941 contra
702 1878 920 1944 Octavianum
955 1888 1039 1960 erat,
1077 1876 1188 1942 odium
1222 1885 1407 1961 augeretur.

286 1973 370 2038 Nam
399 1977 542 2062 primum
573 1979 645 2063 (cfr.
675 1980 867 2062 Drumann,
899 1979 1017 2046 Gesch.
1044 1979 1143 2044 Rome
1170 1980 1191 2044 i.
1214 1977 1319 2064 Uebg.
1349 1998 1410 2040 nur

285 2075 374 2142 Mon.
396 2077 427 2161 I,
449 2080 513 2146 404
535 2082 597 2168 sq.)
628 2103 694 2146 non
724 2085 857 2148 memini
885 2082 973 2169 apud
1001 2083 1105 2149 ullum
1135 2083 1326 2168 scriptorem
1356 2102 1408 2143 me

285 2179 395 2264 legere
417 2189 544 2246 tanturn
567 2177 625 2248 illa
648 2185 817 2252 obsidione
840 2193 988 2253 exortum
1011 2209 1082 2252 esse
1106 2185 1227 2265 odium,
1251 2192 1287 2258 ut
1301 2191 1407 2269 poeta,

286 2305 360 2348 eum
395 2305 467 2349 eam
500 2297 786 2368 commemoraret,
820 2288 958 2373 gloriam
982 2289 1187 2376 imperatoris
1210 2287 1408 2350 detrectasse

285 2386 460 2451 videretur.
504 2387 656 2475 Namque
679 2411 745 2453 non
767 2391 838 2476 ipse
860 2392 1061 2458 Octavianus
1084 2391 1208 2457 b'ellum
1230 2390 1408 2474 inceperat,

285 2487 343 2552 sed
371 2488 440 2573 ejus
471 2488 578 2554 hostes
607 2492 768 2578 imprimis
795 2493 914 2558 Fulvia
940 2505 972 2560 et
992 2494 1116 2560 Lucius
1140 2491 1310 2557 Antonius.
1355 2491 1408 2554 De

285 2589 476 2656 crudelitate
490 2601 598 2657 autem
608 2593 782 2659 Octaviani
797 2597 892 2662 valde
908 2596 1051 2663 dubitari
1066 2617 1161 2682 posse
1177 2617 1219 2660 ex
1229 2593 1316 2660 Suet.
1334 2594 1407 2660 Oct.

286 2697 337 2762 75.
360 2698 508 2778 apparet:
534 2696 701 2775 „scribunt
721 2698 885 2785 quidam,“
910 2701 1125 2780 „exstiterunt
1139 2699 1196 2785 qui
1211 2697 1406 2777 traderent,“

285 2797 341 2864 cfr.
357 2797 532 2862 Drumann
547 2822 622 2886 pag.
638 2803 710 2868 412.
749 2800 870 2867 Contra
886 2802 1002 2867 ducem
1025 2804 1073 2868 rei
1094 2802 1243 2867 militaris
1265 2800 1407 2865 maxime

284 2900 426 2985 peritum
456 2899 512 2966 illo
541 2899 629 2966 bello
653 2905 854 2968 Octavianus
886 2928 957 2970 sese
985 2907 1155 2993 praestitit.
1198 2905 1314 2991 Itaque
1339 2925 1406 2968 non

284 3011 363 3088 puto
389 3003 424 3067 in
449 3000 534 3068 bello
557 3003 712 3069 hocloco
735 3019 986 3073 commemorato
1009 3032 1080 3074 esse
1102 3008 1301 3075 haerendum
1326 3016 1357 3072 et
1379 3007 1408 3072 si

285 3107 358 3192 quis
398 3107 493 3170 novis
534 3116 680 3173 veterum
727 3111 920 3195 scriptorum
956 3113 1151 3178 testimoniis
1187 3111 1294 3176 allatis
1331 3133 1407 3175 cum

285 3207 506 3272 Heimreiehio
529 3209 628 3275 faciet
649 3210 696 3276 nil
719 3212 955 3278 demonstrabit
977 3216 1041 3280 nisi
1063 3237 1176 3280 versus
1191 3218 1242 3282 29.
1258 3217 1308 3282 30.
1332 3237 1406 3300 spu-

285 3311 350 3374 rios
379 3332 465 3391 esse,
495 3333 561 3376 non
589 3313 708 3379 efficiet
730 3337 841 3380 ornnes
871 3316 944 3382 illos
967 3339 1081 3383 versus
1106 3321 1248 3386 1t.-38.
1273 3341 1291 3383 e
1313 3327 1406 3382 textu

284 3433 354 3479 esse
376 3413 550 3483 eiciendos.

350 3551 443 3632 Quae
463 3574 537 3617 cum
553 3555 598 3618 ita
620 3556 695 3638 sint,
716 3578 776 3643 pro
799 3566 887 3636 certo
909 3557 1014 3624 habeo
1036 3560 1175 3647 elegiam
1196 3562 1240 3644 II,
1259 3566 1284 3630 1.
1307 3560 1406 3648 scrip-

284 3665 350 3720 tam
373 3677 444 3721 esse
466 3659 508 3724 ad
530 3658 763 3726 Maecenatem.

347 3792 401 3858 Ex
423 3795 481 3878 eis,
504 3818 587 3883 qnae
610 3799 757 3882 exposui,
786 3801 884 3864 etiam
906 3809 1042 3886 apparet
1064 3823 1130 3866 non
1152 3823 1233 3883 esse,
1256 3821 1404 3866 curcum

284 3895 415 3961 Struvio
428 3897 615 3984 (observtm.
632 3901 666 3963 in
681 3898 778 3985 Prop.
796 3924 882 3991 spec.
899 3903 1020 3970 Altona
1037 3906 1132 3988 1804)
1150 3927 1262 3970 versus
1278 3908 1404 3974 1.—16.

285 3999 330 4065 ita
358 3999 399 4066 ab
423 4002 530 4088 elegia
553 4002 598 4083 lI,
623 4011 649 4068 1.
679 4026 904 4089 secernamus,
935 4017 971 4072 ut
997 4007 1056 4072 toti
1077 4029 1132 4073 ecs
1154 4008 1237 4075 libro
1260 4010 1404 4076 secundo

283 4105 493 4190 praefationis
515 4108 586 4172 loco
609 4109 772 4192 praefixos
794 4132 866 4174 esse
888 4120 1077 4178 statuamus.
