3116 4746
851 349 891 414 36

477 528 558 586 1111111
575 535 739 602 resurgentis
757 538 866 603 portans
884 535 1002 589 victricia
1020 537 1123 590 Troiae:

487 611 488 614 ’
524 617 600 671 Felix
617 620 687 672 terra
704 621 765 673 tuos
784 621 861 688 cepit,
880 619 950 684 1111,
969 620 1044 674 deos!

475 702 504 756 Si
521 702 598 756 rnodo
616 703 753 759 Avernalis
772 706 902 759 tremulae
920 706 1021 759 cortina
1038 706 1155 776 Sibyllae

525 789 600 842 Dixit
618 789 750 843 Aventino
767 807 828 844 rura
844 789 942 858 pianda
958 793 1048 856 Remo,
1275 792 1309 844 50

475 873 531 928 Aut
549 876 572 928 si
590 877 750 945 Pergameae
769 892 826 929 sero
843 878 900 928 rata
918 878 1034 930 carmina
1052 868 1126 930 vatis'

524 960 696 1028 Longaevum
716 959 749 1013 ad
766 961 866 1013 Priami
884 976 947 1014 vera
964 962 1037 1015 fuere
1057 966 1148 1030 caput:

476 1045 588 1100 ’11111111
607 1045 684 1100 Troia
701 1044 786 1108 111111,
805 1048 833 1098 11
850 1045 941 1100 Troica
958 1048 1041 1100 Roma
1058 1064 1188 1116 resurges,
1274 1046 1307 1099 87

525 1133 561 1185 111
579 1131 659 1183 maris
679 1134 706 1184 et
723 1134 809 1184 terrae
826 1132 909 1200 longa
927 1133 1066 1200 sepulchra
1083 1151 1182 1186 canam.
1274 1133 1308 1186 88

475 1216 578 1270 Vertite
596 1229 700 1280 equum,
719 1217 818 1269 Danai!
837 1217 906 1270 male
924 1218 1046 1270 vincitis:
1064 1219 1115 1272 ilia
1132 1219 1214 1281 tellus

527 1303 615 1369 Vivet,
634 1306 662 1355 11
679 1301 741 1354 huic
759 1301 841 1354 cineri
858 1302 980 1370 Iuppiter
997 1321 1069 1357 arma
1086 1303 1178 1357 dabit?

760 1495 962 1502 ———

529 1677 586 1742 VI.
630 1677 693 1740 DE
717 1676 932 1743 VERSIBUS
953 1678 980 1759 I,
997 1679 1046 1759 18,
1070 1681 1122 1744 21.
1145 1682 1196 1746 22.
1250 1738 1253 1742 .

369 1814 541 1878 Distiehon
564 1815 589 1895 I,
607 1818 656 1895 18,
680 1817 718 1880 21
744 1839 791 1901 sq.

469 1935 493 1986 A
511 1935 635 2001 quotiens
654 1937 757 1987 teneras
776 1937 902 1987 resonant
918 1919 1073 1988 meaverba
1091 1933 1139 1986 sub
1158 1935 1265 1988 umbras

517 2019 641 2073 scribitur
659 2023 686 2072 ct
703 2021 800 2072 restris
818 2019 937 2088 Cynthia
954 2020 1095 2073 corticibus

305 2141 346 2205 ab
382 2139 614 2224 interpolatore
655 2138 795 2226 quodam
830 2138 940 2202 fictum
975 2161 1043 2202 esse
1077 2141 1243 2204 contendit
1275 2140 1430 2204 Prienius

305 2243 499 2328 Symmetrie
523 2251 554 2304 et
575 2242 778 2326 Responsion
801 2264 875 2327 pag.
895 2244 946 2308 51.
992 2241 1088 2321 Quod
1105 2243 1180 2305 11111
1198 2243 1289 2327 justa
1311 2264 1430 2308 caussa

305 2346 427 2410 factum
450 2366 519 2408 esse
541 2367 629 2408 nunc
653 2343 829 2407 ostendam.

368 2465 514 2527 Primum
549 2473 656 2527 autem
690 2470 918 2547 argumentum
948 2463 1064 2547 petivit
1091 2463 1147 2526 1111
1178 2486 1218 2526 ex
1246 2486 1298 2544 eo,
1337 2463 1428 2548 quod

305 2589 379 2630 cum
402 2567 459 2646 eia,
485 2587 568 2650 quae
591 2566 848 2648 interrogaverat
870 2571 966 2626 antea
986 2569 1082 2649 poeta
1102 2587 1167 2644 „an
1189 2571 1296 2629 nova“
1318 2589 1348 2629 v.
1374 2569 1426 2632 10.

306 2679 338 2733 11
365 2678 461 2753 poeta
490 2668 667 2751 interrogat
695 2689 759 2747 „an
787 2671 864 2729 tua“
887 2675 946 2728 etc.
975 2665 1064 2752 (nam
1093 2669 1317 2731 necessitatem
1341 2668 1427 2732 illud

305 2775 391 2853 „an“
413 2772 448 2834 in
469 2775 555 2850 ‚,en“
576 2768 724 2832 mutandi
747 2790 812 2831 non
837 2768 945 2854 video)
968 2768 1106 2852 singulis
1131 2769 1276 2833 distichis
1291 2791 1425 2854 respon-

307 2873 421 2937 deatur
451 2872 522 2935 fieri
555 2893 619 2950 non
654 2872 757 2955 possit
790 2879 825 2932 11
857 2871 1069 2955 interroganti
1102 2880 1216 2955 poetae
1248 2895 1312 2952 „an
1347 2873 1427 2958 quia

304 2980 426 3061 parva“
459 2982 519 3037 etc.
557 2972 704 3035 distichis
741 2971 977 3056 respondeatur
1012 2972 1148 3038 duobus.
1209 2972 1311 3053 Quasi
1346 2996 1425 3038 vero

305 3085 400 3161 poeta
422 3077 456 3139 in
478 3075 576 3138 tantis
592 3095 745 3138 versuum
761 3074 1038 3138 numerandorum
1054 3076 1214 3159 angustiis
1230 3085 1424 3156 versaretur,

305 3187 340 3241 11
369 3177 397 3240 11
424 3185 521 3240 antea
547 3198 612 3240 uno
640 3177 860 3262 respondisset
887 3175 1026 3240 disticho
1053 3177 1170 3241 iterum
1199 3177 1262 3242 sibi
1290 3179 1425 3241 11111111-

305 3281 395 3364 ganti
437 3301 503 3342 uno
544 3279 677 3342 deberet
713 3279 852 3343 disticho
889 3277 1086 3363 respondere
1123 3302 1230 3365 neque
1267 3303 1424 3367 umquam

304 3380 424 3444 audere
458 3390 567 3463 posset
598 3381 734 3444 alterum
763 3382 898 3463 addere,
933 3404 996 3468 quo
1026 3382 1117 3466 prius
1148 3381 1259 3467 paullo
1291 3382 1424 3446 uberius

304 3482 532 3568 explicaretur.
575 3482 688 3567 Neque
717 3507 800 3570 quae
823 3485 857 3547 in
880 3505 976 3547 versu
999 3487 1050 3549 22.
1073 3484 1227 3568 leguntur
1248 3485 1423 3567 „scribitur

303 3586 338 3648 in
355 3584 550 3648 corticibus“
565 3595 749 3669 repugnant
765 3589 811 3649 eis
828 3607 911 3672 quae
926 3587 1088 3650 cecinerat
1102 3596 1198 3672 poeta
1211 3589 1246 3650 in
1261 3608 1355 3653 versu
1371 3591 1421 3655 78.

303 3685 444 3768 „clamat
465 3686 499 3748 in
523 3707 575 3751 ore
590 3686 715 3751 fides'?“
752 3689 844 3752 Haec
860 3689 946 3751 enim
962 3709 999 3751 eo
1016 3688 1152 3752 consilio
1167 3685 1424 3774 interrogaverat

304 3797 401 3871 poeta
423 3797 472 3869 ut,
502 3811 598 3874 quarn
621 3812 737 3875 parurn
761 3791 800 3854 de
824 3812 942 3877 amore,
966 3813 1030 3876 quo
1053 3791 1123 3874 ipsc
1146 3814 1224 3875 erga
1246 3793 1423 3878 Cynthiam

303 3889 523 3954 inflammatus
553 3899 613 3972 est,
637 3893 713 3977 jure
742 3892 853 3976 puella
881 3902 987 3956 amata
1017 3892 1165 3958 dubitare
1194 3905 1303 3980 posset
1324 3917 1422 3981 appa·

303 4002 396 4060 reret.
447 3995 561 4057 Amani
597 4003 704 4057 autern
738 4017 757 4057 a
785 4004 881 4080 poeta
909 3994 1083 4080 Cynthiam
1115 3998 1235 4080 optime
1263 4006 1422 4061 testantur

303 4097 451 4179 arbores,
482 4098 603 4182 quippe
633 4118 770 4181 quarum
793 4097 828 4160 in
852 4098 1026 4162 corticibus
1049 4100 1237 4184 saepissime
1260 4099 1420 4186 Cynthiae
