3116 4746
712 322 752 394 97

161 510 338 578 tentiamm
368 533 458 579 nexu
485 533 592 602 neque
623 515 865 582 Heimreichios
895 513 962 579 ullo
985 509 1078 578 fulsit
1099 517 1293 596 argumento
1410 571 1413 579 .

161 637 270 703 neque
294 640 355 704 ego
377 615 511 704 possum
533 618 734 704 intellegere.
778 619 934 705 Denique
955 617 989 680 in
1012 614 1134 702 plurali
1155 634 1292 678 numero

162 717 330 784 Venarum
360 743 542 806 numquam
573 743 593 784 a
615 722 785 808 Propertio
814 720 920 807 posito
949 718 1062 800 haesit,
1093 740 1161 782 non
1182 725 1292 780 tamen

163 821 346 909 quidquam
381 819 443 886 hoc
476 834 669 908 argumento
704 824 820 890 effecit.
880 821 1048 886 Venerum
1081 819 1168 884 enim
1201 841 1291 886 num.

162 923 247 1008 plur.
271 945 330 1010 pro
354 925 520 988 amoribus
544 937 736 1012 usurpatum
769 947 968 1013 quamquam
992 944 1110 986 verum·
1131 933 1181 985 est
1202 921 1292 1008 apud

161 1025 370 1112 Propertium
404 1049 470 1091 non
507 1027 571 1112 legi
604 1049 713 1116 neque
746 1028 781 1094 id
809 1026 897 1114 quod
921 1025 1117 1111 comparatis
1140 1023 1292 1090 omnibus

163 1129 325 1215 exemplis
354 1150 442 1192 nunc
473 1129 558 1194 addo
588 1131 677 1217 apud
698 1129 886 1212 Tibullum3
916 1138 1026 1200 tamen
1048 1127 1111 1193 hoo
1125 1149 1208 1201 cum
1230 1149 1293 1192 usu

163 1251 203 1292 ac
231 1230 469 1295 consuetudine
496 1230 652 1319 loquendi
680 1232 772 1296 nullo
800 1231 897 1296 modo
924 1253 1073 1318 pugnare
1096 1250 1162 1294 non
1185 1231 1292 1296 solum

164 1331 252 1416 quod
281 1332 452 1399 aCatullo
482 1335 605 1400 dictum
636 1345 685 1399 est
714 1335 809 1400 docet
836 1334 1004 1416 „Veneres
1033 1331 1293 1419 cupidincsque“

163 1437 207 1519 (3,
233 1435 265 1522 l)
294 1435 362 1523 [cfr.
389 1435 512 1500 Veneri
541 1438 756 1523 cupidinique
784 1439 836 1518 36,
860 1436 902 1524 3],
935 1436 992 1501 sed
1020 1437 1117 1500 etiam
1146 1436 1292 1523 ejusdem

164 1545 280 1623 poetae
313 1537 404 1603 locus
434 1541 485 1620 86,
509 1543 529 1607 6
559 1562 695 1622 „omnes
717 1539 884 1605 Veneres“
906 1550 972 1604 tam
995 1538 1139 1603 dilucide
1162 1537 1293 1604 demon-

165 1648 254 1722 strat,
278 1649 315 1706 ut
336 1642 370 1705 in
387 1639 499 1705 oculos
514 1642 669 1706 incurrat.
685 1643 741 1706 csr.
758 1641 865 1707 Plaut.
885 1641 986 1706 Stich.
1002 1633 1078 1722 2,‘l,
1094 1645 1115 1709 5
1129 1643 1293 1723 „amoeni-

164 1751 246 1807 tates
269 1745 416 1808 omnium
439 1765 596 1808 venerum
620 1753 719 1830 atque
741 1752 949 1808 venustatum
974 1744 1106 1808 affero.“
1151 1741 1246 1810 Luor.
1262 1745 1292 1824 4,

165 1849 248 1913 1179
270 1867 353 1927 „nec
375 1846 521 1911 Veneres
545 1847 607 1912 hoc
630 1846 776 1912 fefellttr‘
820 1845 935 1927 Quint.
951 1845 993 1929 X,
1011 1848 1040 1929 1,
1056 1849 1097 1914 79
1112 1846 1293 1928 „Isocrates

165 1970 277 2013 omnes
304 1949 436 2014 dicendi
463 1972 599 2015 veneres
629 1959 771 2018 sectatus
802 1954 882 2012 est.“
925 1949 1019 2031 Quae
1045 1971 1120 2015 curn
1150 1950 1197 2014 ita
1217 1951 1291 2032 sint,

166 2075 208 2116 ex
237 2054 283 2116 eis
312 2053 444 2138 quidem
476 2053 688 2138 argumentis,
719 2050 840 2139 quibus
870 2073 949 2118 usus
980 2061 1030 2118 est
1050 2053 1292 2118 Heimreiohius

165 2177 279 2220 versus
308 2154 412 2237 1111,
443 2159 472 2224 7.
501 2161 531 2223 8.
562 2177 582 2218 a
603 2156 772 2242 Propertio
802 2155 1039 2241 abjudicandos
1067 2177 1136 2222 esse
1159 2177 1292 2242 prorsus

166 2281 232 2322 non
257 2259 431 2325 evincitur.
507 2301 511 2310 ·

230 2362 296 2427 Sed
329 2362 465 2428 fortasse
499 2362 580 2427 mihi
614 2359 772 2448 objecerit
793 2361 957 2447 quispiam
981 2361 1196 2426 Heimreichii
1214 2383 1292 2426 con·

166 2465 325 2550 jacturam
356 2465 532 2530 defendere
555 2475 692 2530 conatus
715 2463 806 2528 aliud
829 2475 1067 2548 argumentum,
1092 2486 1156 2552 quo
1180 2463 1293 2530 (iarut-

164 2569 247 2632 tium
277 2589 373 2632 usum
398 2591 469 2632 esse
491 2568 598 2634 video,
644 2567 715 2631 Hoc
745 2577 854 2631 tamen
883 2567 965 2631 mihi
994 2566 1080 2631 obici
1109 2589 1176 2631 non
1197 2588 1293 2653 posse

107 2711 110 2716 -
168 2691 257 2734 nunc
280 2669 451 2735 additurus
474 2693 556 2736 sum.
600 2669 699 2734 Nullo
723 2670 810 2733 enim
833 2670 929 2734 modo
951 2669 1023 2734 fieri
1045 2691 1142 2756 posse
1157 2670 1293 2734 sortasse

121 2797 123 2800 ·
166 2772 285 2835 dixerit
313 2773 486 2859 quispiam,
518 2782 555 2837 ut
582 2780 720 2835 aetatem
743 2765 857 2852 ¹suam,
888 2794 953 2859 qua
974 2773 1132 2838 tumultus
1154 2783 1187 2838 et
1206 2771 1293 2838 bella

164 2889 236 2938 'sese
260 2885 431 2938 cantarum
456 2897 526 2939 esse
542 2875 718 2960 promittat,
741 2875 929 2962 Propertius
944 2875 1088 2960 appellet
1101 2885 1292 2940 extremam.

164 2963 299 3041 Annum
334 2978 431 3059 enim,
467 2999 531 3063 quo
564 2987 662 3065 poeta
695 2978 834 3065 primam
869 2977 934 3041 diei
965 2976 1073 3041 lucem
1095 2979 1224 3061 viderit,
1247 2981 1293 3044 ita

166 3079 331 3144 diversum
359 3080 423 3143 viri
447 3079 532 3144 docti
556 3080 756 3144 definierunt
778 3092 814 3145 ut
836 3082 921 3144 intra
944 3080 1034 3145 urbis
1057 3079 1228 3166 (Varronis
1251 3105 1293 3148 ex

166 3183 423 3268 computatione)
440 3185 511 3250 697.
530 3193 562 3246 et
578 3187 649 3250 707.
667 3183 762 3269 quasi
776 3183 853 3266 vagi
866 3177 1019 3248 errarent.
1049 3183 1169 3274 Nostra
1183 3194 1292 3251 autem

166 3293 270 3348 aetate
293 3286 350 3371 qui
371 3286 527 3369 postremi
550 3284 636 3349 hanc
660 3286 884 3372 quaestionem
907 3295 1095 3368 tractarunt,
1120 3281 1291 3372 argumen-

166 3387 207 3452 tis
236 3386 388 3451 omnibus
411 3387 536 3451 collatis
559 3409 596 3453 eo
620 3397 851 3474 pervenerunt,
875 3396 912 3451 ut
932 3387 1010 3452 solis
1034 3387 1074 3452 de
1098 3392 1193 3454 annis
1217 3395 1288 3461 708.

167 3500 204 3554 et
221 3493 308 3568 tot,
341 3490 476 3575 cogitari
506 3512 602 3577 posse
624 3500 786 3575 putarent.
831 3489 1036 3575 (Lachmann
1059 3493 1160 3577 praei.
1183 3493 1291 3560 XXV.

166 3592 350 3676 Hortzberg
384 3592 423 3672 Q.
447 3593 483 3657 P.
508 3595 557 3661 15.
581 3617 629 3680 sq.
673 3592 860 3680 Liitjohann
894 3615 1010 3659 comm.
1043 3596 1139 3682 Prop.
1163 3599 1213 3665 76.
1244 3620 1291 3685 sq.

167 3697 332 3783 similique
355 3699 492 3760 ratione·
498 3698 664 3785 judicavit
688 3696 764 3761 Keil
787 3697 820 3759 in
845 3696 953 3760 diurn.
976 3699 1076 3783 antiq.
1102 3701 1192 3766 1835.
1216 3722 1290 3786 pag.

166 3801 250 3879 523,
274 3801 330 3884 qui
354 3822 476 3864 annum
501 3803 574 3868 709.
598 3798 747 3884 addidit.)
784 3797 934 3883 Elegiam
959 3808 1066 3864 autem
1089 3801 1182 3882 Ill,l
1208 3825 1293 3867 corn·

166 3902 305 3986 positam
329 3924 400 3966 esse
423 3903 624 3967 existimanti
648 3923 733 3965 anno
758 3903 828 3967 729.
874 3901 1090 3988 Hertzbergio
1114 3903 1168 3989 (Q.
1184 3905 1220 3968 P.
1242 3909 1291 3986 16,
1370 3895 1399 3922 ”

166 4007 243 4090 217)
276 4005 356 4069 satis¹
382 4006 451 4092 jam
486 4005 655 4091 respondit
686 4002 958 4088 Eschenburgius
989 4005 1059 4092 (lib.
1083 4000 1176 4070 misc.¹
1194 4007 1291 4072 Bonn

167 4111 218 4178 94.
242 4110 305 4198 sq.)
334 4110 400 4174 line
431 4111 510 4174 anni
543 4111 614 4178 731.
637 4108 690 4173 vel
712 4107 805 4174 initio
837 4111 908 4177 739.
936 4110 1089 4202 scriptam
1116 4133 1188 4176 eam
1211 4125 1291 4179 esse.
