3116 4746
359 1445 385 1509 I.
428 1445 491 1509 DE
515 1445 694 1511 ELEGIIS
716 1445 759 1528 II,
783 1449 812 1514 6.
836 1454 868 1510 et
889 1444 949 1526 III,
974 1445 1065 1532 11.*)

211 1579 433 1665 Lacunarum,
464 1605 546 1670 quas
569 1585 603 1647 in
627 1582 711 1648 libro
735 1581 880 1646 secundo
902 1581 1022 1646 multas
1045 1581 1146 1646 latere
1167 1581 1270 1646 Lach-

147 1705 289 1748 mannus
312 1687 438 1767 statuit,
461 1687 577 1750 seriem
602 1685 681 1750 dicit
701 1685 846 1774 incipere
860 1673 946 1758 ¹inde
968 1684 1009 1749 ab
1033 1685 1140 1770 elegia
1161 1695 1269 1767 sexta3

147 1808 247 1872 quam
281 1810 398 1853 verum
433 1799 482 1854 est
512 1797 579 1870 tam
613 1796 799 1873 corruptam
833 1785 875 1852 ad
908 1795 1051 1852 nostram
1079 1784 1269 1852 memoriam

146 1889 348 1973 pervenisse,
371 1901 471 1956 utne
494 1891 534 1956 ab
559 1892 688 1977 optimis
705 1889 847 1978 quidem,
871 1910 1010 1977 quorum
1026 1888 1269 1953 lucubrationes

145 1989 274 2076 publici
290 1995 377 2080 juris
393 1987 525 2078 fiebant,
548 1992 781 2081 interpretibus
798 1993 947 2079 expediri
963 1993 1113 2078 potuerit.
1143 1992 1268 2055 Tamen

146 2092 246 2180 hujus
279 2097 432 2160 carminis
465 2097 627 2162 medelam
661 2119 734 2161 sum
767 2089 1001 2183 propositurus
1051 2097 1100 2158 Ae
1127 2096 1268 2180 primum

147 2197 282 2282 quidem
315 2197 491 2264 dicendum
523 2207 571 2262 est
599 2199 686 2263 viros
717 2199 875 2286 quosdam
900 2197 1010 2262 doctos
1034 2197 1108 2284 plus
1132 2184 1270 2261 dilfieul-

145 2299 224 2363 tatis
253 2301 287 2365 in
316 2311 443 2366 textum
473 2301 633 2384 intulisse,
664 2325 763 2388 quam
793 2323 828 2366 re
849 2323 929 2364 vera
950 2301 1071 2364 insunt.
1115 2299 1166 2364 lta
1187 2299 1269 2363 Bur-

147 2423 291 2468 mannus
319 2407 353 2469 in
383 2403 527 2470 editione
558 2415 590 2469 et
611 2407 763 2471 Struvius
788 2403 1087 2491 (,‚observati0num
1110 2412 1142 2467 et
1164 2425 1270 2466 emen-

147 2505 317 2570 dationum
328 2508 614 2593 Propertianarum
631 2510 820 2596 specimen“
835 2509 864 2572 8.
880 2505 1001 2596 Altonn
1019 2505 1115 2592 1804)
1131 2527 1206 2590 pag.
1219 2508 1269 2572 65.
1317 2576 1319 2580 ,

146 2616 224 2693 post
245 2631 376 2674 versum
398 2621 527 2676 sextum
550 2633 665 2676 versus
687 2609 891 2674 intercidisse
913 2617 1086 2693 propterea
1106 2609 1271 2693 suspican-

147 2719 212 2793 tur,
241 2711 328 2798 quod
349 2713 528 2798 pleniorem
552 2714 828 2799 comparationem
850 2719 947 2797 poeta
969 2703 1089 2773 addere
1113 2709 1271 2775 debuerit.

148 2814 339 2881 Desiderari
372 2817 458 2880 enim
490 2818 517 2881 si
551 2815 664 2880 sanam
699 2813 891 2878 sententiam
918 2834 1104 2898 proponere
1132 2812 1273 2876 voluerit
1318 2865 1320 2868 .

148 2917 338 3006 Propertius
368 2919 421 2984 vel
447 2896 673 3004 talia⁸'„quam
701 2926 774 2981 tuas
797 2914 894 2981 aedes
917 2915 1068 2994 obsident
1088 2921 1272 2978 amatorum

150 3025 325 3087 examina“
354 3022 406 3086 vel
436 3020 542 3086 simile
565 3020 654 3108 quid.
700 3019 765 3084 Sed
788 3018 952 3105 Cynthiae
974 3039 1079 3081 mores
1102 3019 1206 3081 nimia
1227 3018 1273 3080 vi-

148 3146 261 3189 rorum
284 3123 380 3220 turba
402 3125 538 3211 stipatae
562 3145 636 3187 eum
660 3123 795 3188 Graecis
825 3122 1007 3209 comparari
1030 3142 1141 3185 omnes
1165 3130 1273 3184 mente

150 3227 307 3313 supplent
328 3249 436 3313 neque
463 3227 530 3290 ullo
560 3226 657 3291 modo
679 3225 898 3289 necessarium
923 3232 971 3288 est
992 3223 1054 3286 hoc
1076 3223 1183 3309 planis
1204 3245 1275 3286 ver·

150 3329 203 3394 bis
234 3329 374 3394 ubertim
398 3329 528 3416 expoiri.
571 3327 702 3393 Deinde
723 3327 879 3392 Struvius,
896 3326 917 3390 l.
942 3348 969 3390 c.
992 3347 1106 3390 versus
1131 3327 1211 3392 15.-
1224 3327 1276 3392 22.

150 3433 236 3496 alius
270 3433 423 3497 carminis
457 3454 529 3496 esse
556 3432 790 3516 fragmentum,
821 3427 908 3515 quod
939 3450 1014 3494 cum
1048 3427 1163 3493 ceteris
1191 3447 1275 3511 quae
1322 3425 1328 3438 ⁴

151 3534 355 3621 praecedunt
381 3556 447 3597 una
474 3534 580 3620 elegia
612 3533 772 3598 contineri
802 3555 868 3597 non
891 3533 1004 3618 possit,
1028 3529 1206 3609 contendit,
1230 3537 1275 3592 ta-

151 3660 227 3702 men
251 3637 343 3702 nullo
366 3636 462 3702 modo
486 3636 656 3702 confirmat
677 3637 890 3721 argumentis.
934 3635 1014 3699 Post
1034 3655 1166 3698 versum
1188 3631 1275 3695 enim
1304 3637 1306 3642 '

152 3751 306 3828 quartum
336 3740 498 3804 decimum
530 3736 753 3824 exoptandum
782 3759 851 3802 esse
874 3736 954 3801 dicit
971 3739 1042 3824 jam
1064 3734 1212 3804 additum
1235 3734 1276 3797 iri

148 3844 306 3930 ¹exempla
328 3867 371 3908 ex
394 3843 536 3929 antiquis
558 3841 690 3923 fabulis,
713 3840 832 3926 quibus
854 3840 997 3904 feminae
1019 3838 1205 3910 liberiorem
1229 3838 1275 3900 ri-

150 3957 204 4012 tae
227 3969 350 4012 morem
373 3945 545 4033 amplexae
561 3945 925 4031 multaqueamatorum
943 3941 1040 4006 turba
1055 3940 1276 4004 circumdatae

150 4072 357 4081 ,..---......-

223 4119 249 4187 *)
266 4119 390 4176 Numeris
407 4121 467 4172 utor
485 4116 610 4170 editionis
628 4115 807 4170 Mtillerianae.
